2624 4722
393 181 577 272 cunamen
609 223 742 274 uxvrr.
1039 201 1114 274 131

76 375 259 458 Languidior
278 383 380 438 tenere
399 378 470 456 quoi
488 377 623 458 pendent
644 377 739 438 sicula
756 377 836 453 beta,
857 426 860 432 ,
967 385 970 395 “

156 475 313 553 Nunquam
333 493 367 535 se
386 475 517 536 mediam
537 475 657 536 sustulit
677 473 716 534 atl
734 475 882 550 tunicem3

78 570 142 635 Sed
162 576 248 652 pater
266 571 347 630 illius
366 573 428 631 nati
447 570 575 634 uiolasse
599 570 699 632 cubile

157 667 274 728 Dicitur
294 673 327 728 et
344 669 485 728 miseram
505 667 727 728 conscelerasse
747 667 879 746 domum,
933 725 935 728 .

79 764 151 826 Sive
171 763 251 843 quod
269 763 362 844 impia
381 785 466 826 mens
486 783 576 826 caeco
596 765 738 844 flagrabat
757 783 868 838 umore,
1076 770 1116 828 25

160 859 223 922 Seu
242 861 322 939 quod
341 862 422 922 iners
440 863 540 926 sterili
560 863 673 922 semiue
692 866 778 920 naurs
802 865 876 935 eret,

79 957 121 1020 ut
141 957 344 1038 quaerendum
362 959 442 1019 unde
460 959 541 1019 unde
559 959 645 1020 foret
658 958 813 1032 nervosius
832 956 917 1033 illud,
936 1009 939 1016 ,

160 1052 249 1132 Quod
267 1059 372 1136 posset
390 1075 496 1116 nonem
517 1055 633 1116 solvere
652 1055 825 1134 virgineam.

458 1149 484 1212 (i
504 1172 521 1212 a
539 1157 553 1212 t
571 1173 593 1212 u
611 1151 623 1212 l
642 1150 654 1211 l
673 1171 693 1210 u
714 1169 740 1214 a.

80 1245 244 1328 Egregium
263 1265 366 1307 namus
385 1247 461 1310 mira
480 1249 593 1328 pietate
612 1251 777 1328 parentem,

157 1343 217 1422 Qui
236 1343 304 1424 ipse
324 1345 371 1404 sui
389 1345 471 1425 guoti
490 1345 631 1406 minxerit
650 1343 683 1404 in
701 1339 856 1422 gremium.
1075 1348 1116 1406 30

168 1461 170 1464 ·
510 1441 688 1503 lanua

78 1536 171 1616 Atqui
190 1555 250 1598 non
270 1535 369 1596 solum
389 1536 449 1598 hoc
469 1557 504 1598 se
523 1539 597 1599 dicit
616 1535 767 1617 cognitum
785 1535 898 1600 hebere

160 1633 271 1708 Brixia,
293 1633 449 1712 Cycnacee
468 1635 622 1713 supposita
642 1631 793 1713 speculae,

78 1727 190 1792 Flavus
212 1748 300 1808 quam
319 1728 404 1790 molli
422 1729 572 1810 percurrit
593 1729 716 1789 flumine
735 1727 827 1805 Mela,

161 1827 272 1902 Brixia,
293 1825 432 1888 Veronae
451 1831 547 1886 mater
565 1831 661 1888 amata
679 1845 781 1899 meae3

79 1921 143 1984 Setl
164 1923 204 1982 de
221 1921 398 1982 Posthumio
419 1927 450 1983 et
469 1921 591 1983 Corneli
610 1927 710 1982 namet
728 1938 840 1996 amore,
1079 1925 1118 1983 ³5

161 2018 238 2079 (lum
258 2019 364 2096 quibus
385 2018 437 2078 illa
456 2019 568 2080 malum
587 2018 662 2079 lecit
681 2017 869 2078 adulterium.

77 2113 199 2178 Dixerit
215 2115 266 2176 hic
287 2115 410 2194 eliquit:
441 2116 499 2192 Qui
518 2121 552 2175 tu
571 2115 697 2190 isthaec,
717 2115 812 2188 ianua,
834 2112 924 2190 nosti,

162 2211 241 2290 Quoi
260 2199 409 2290 nunquam
428 2211 542 2272 domiui
560 2211 665 2273 limine
685 2211 792 2271 abesse
816 2209 898 2286 licet,
953 2199 955 2215 '

78 2307 147 2371 Nec
165 2307 310 2388 pupulum
329 2308 507 2384 auscultare,
528 2307 582 2368 secl
602 2307 674 2368 huic
695 2307 803 2394 suffixa
822 2307 918 2386 tigillo

160 2403 290 2465 Tantum
309 2405 429 2484 operire
450 2405 529 2466 soles
549 2406 737 2485 anteperire
760 2404 905 2466 domum‘t
1079 2407 1120 2467 40

79 2591 158 2638 mus3
188 2591 251 2627 uem
270 2573 581 2640 {coeessentialem
620 2575 693 2627 calae
706 2573 796 2641 (arci),
817 2591 885 2641 quae
902 2573 937 2628 ab
959 2573 1016 2627 eiua
1030 2573 1121 2628 condi-

78 2645 125 2698 vel
139 2644 234 2710 supple
247 2643 280 2695 ad
293 2645 366 2712 prior
381 2643 452 2697 aliis.
619 2648 678 2697 tore
693 2645 775 2710 Cycno
790 2641 860 2696 dicta
873 2649 911 2694 est
927 2645 1052 2712 Cycneae.

13 2715 15 2722 ’
114 2710 158 2764 23.
174 2711 246 2762 itlius
260 2713 326 2774 auti,
340 2711 461 2765 Caecilii.
654 2711 697 2763 33.
718 2711 824 2775 Flauus,
844 2718 874 2763 ut
893 2713 1002 2775 Tiberia,
1020 2728 1038 2763 a
1051 2712 1121 2764 flavo

80 2817 83 2824 -
115 2778 159 2832 26.
177 2779 247 2830 inore
261 2781 343 2832 eterit.
354 2780 457 2843 semine,
473 2777 584 2831 destitu-
621 2795 706 2846 aquae
718 2779 816 2830 colore.
829 2779 953 2846 -molli‚
966 2778 1122 2830 leniterllu-

78 2853 125 2901 tua
145 2846 171 2899 vi
186 2848 306 2900 muscula
320 2848 365 2900 vel
380 2848 477 2916 quibus
494 2863 582 2900 merce
623 2855 690 2899 ente.
709 2875 740 2886 -
756 2847 837 2914 Mela,
856 2847 899 2898 vel
915 2849 1005 2911 Melta,
1024 2847 1122 2898 fluvius

79 2916 184 2986 pollent
194 2915 374 2976 facultatibus.
624 2914 731 2968 Galliae
738 2915 895 2982 cisalpinae,
904 2915 978 2966 cuius
985 2915 1053 2982 apud
1064 2913 1123 2966 Vir-

115 2983 159 3036 28.
177 3001 269 3036 eonem
279 2986 354 3049 eolo„
366 2983 399 3035 ci.
412 2999 483 3050 supr.
495 2983 533 3049 ΙΙ,
540 2981 583 3035 13.
644 2983 721 3035 ‘lium
734 2996 838 3050 quoque
849 2983 879 3036 lit
893 2983 1000 3047 mentio,
1016 2984 1121 3034 Brenno

61 3077 63 3087 ι
115 3051 159 3107 29.
173 3053 242 3104 mire
259 3051 360 3120 pictate
375 3060 519 3120 parentem,
537 3051 585 3118 qui
623 3001 749 3105 {inlabens
757 3049 907 3103 etBrixium
917 3050 1121 3119 praeterlabens.

80 3137 146 3174 cum
173 3119 225 3172 tilii
251 3120 317 3173 adeo
336 3137 418 3173 uxore
444 3119 586 3173 committit
657 3120 699 3173 34.
719 3121 811 3172 Brinta
820 3127 928 3172 vocatur
942 3120 1057 3171 Veronae
1065 3135 1122 3172 ore-

78 3187 253 3244 adulterium.
623 3197 672 3252 ter,
683 3188 726 3239 vel
737 3187 816 3254 quod,
833 3195 862 3239 ut
877 3190 1000 3240 observat
1013 3187 1123 3252 Statius,
1191 3248 1194 3254 ¹

61 3275 65 3282 ·
116 3255 161 3310 31.
183 3255 226 3308 32.
249 3255 327 3324 Atqui
349 3275 401 3310 noo
420 3257 502 3309 solum
521 3260 583 3308 cett.
624 3256 1124 3324 BriciourbsessetVeronavetustior,

80 3323 159 3391 mul
175 3324 268 3376 Brixia
285 3341 337 3376 non
352 3328 438 3378 solum
461 3324 490 3377 in
503 3324 584 3376 huius
623 3327 668 3378 vel
683 3325 753 3392 quod
772 3325 833 3375 inde
850 3324 930 3378 multi
944 3324 1031 3377 coloni
1043 3323 1124 3376 Vero-

79 3393 211 3447 neientlae
230 3392 349 3445 libidinis
363 3393 485 3446 notitiem
499 3410 585 3444 seve-
623 3411 686 3446 nam
699 3392 867 3460 migrassent.
901 3393 1037 3446 Posterius
1051 3392 1126 3445 vide-

80 3460 155 3516 nisee
166 3461 213 3524 uit,
225 3461 270 3512 secl
282 3462 373 3514 eedem
387 3468 477 3514 narrat
489 3461 521 3512 (le
532 3460 585 3513 elio
624 3469 668 3516 tur
690 3461 865 3528 probabilius.
910 3463 1034 3514 Ceterum
1058 3461 1124 3513 duos

81 3529 157 3596 turpi
187 3528 326 3594 adulterio,
354 3531 424 3597 quod
449 3530 500 3581 ille
525 3547 587 3582 cum
622 3547 716 3586 torsus
732 3528 773 3582 33.
790 3529 832 3582 et.
851 3537 882 3582 ut
896 3531 1000 3599 spurios
1016 3529 1125 3580 damna-

80 3596 241 3654 l’oethumio
261 3603 288 3650 ct
302 3599 425 3652 Cornelio
438 3596 538 3650 iecerit.
551 3627 585 3638 -
624 3600 672 3652 bat
692 3598 778 3667 Scipio
797 3599 920 3668 Maffeias
936 3599 964 3651 in
979 3598 1071 3649 libello
1093 3596 1126 3648 de

82 3665 180 3720 Brixia
213 3669 295 3728 (nunc
318 3667 437 3734 Brescic)
467 3684 483 3720 a
507 3665 590 3719 Livio
609 3667 734 3734 notique
764 3668 880 3721 Veronae
905 3666 1057 3731 conditione,
1080 3663 1126 3716 sed

81 3734 196 3798 XXXII,
208 3733 251 3786 33.
270 3742 348 3802 ceput
358 3737 445 3804 goutte
462 3737 586 3788 Cenoma·
624 3735 731 3788 eosdem
748 3741 778 3788 ut
799 3734 928 3806 genuinos
948 3733 1048 3786 Catulli
1065 3749 1127 3784 ver-

81 3819 177 3854 norum
200 3802 356 3870 appellatur.
385 3832 420 3842 —
452 3805 586 3871 supposita
625 3822 670 3856 sus
684 3809 755 3856 recte
770 3815 797 3856 et
811 3801 1127 3858 acriterdelenditl'nul-

85 3869 233 3936 (subiecto;
263 3870 363 3923 vocalis
389 3888 407 3922 ιι
431 3871 588 3924 nominativi
626 3873 666 3925 loe
681 3873 835 3938 (folcardus,
850 3871 940 3924 italus.

83 3936 241 4008 producitur
255 3939 425 4006 sequentibus
439 3939 534 3991 litteris
548 3957 587 4008 op,
666 3939 709 3992 35.
733 3941 788 4009 Qui
808 3939 905 3992 luerint
932 3939 985 3990 duo
1010 3934 1127 3990 adulteri

82 4013 117 4058 ut
130 4006 201 4074 apud
210 4006 313 4068 Tibull.
325 4006 429 4072 1,5‚28.
438 4025 488 4076 pro
501 4013 589 4076 segeti
622 4009 794 4080 hl‘ostluancius
818 4013 845 4066 et
873 4007 1014 4068 Cornelius,
1044 4005 1128 4060 nolim

84 4073 184 4148 spicea,
193 4092 245 4145 pro
255 4091 340 4148 grege
347 4076 521 4150 serrcdepoa)
532 4093 591 4146 spe·
627 4093 757 4146 quaerere
770 4094 832 4131 cum
843 4073 1041 4145 quaerentibus.
