2604 4720
184 185 242 274 lt
468 223 500 270 c.
530 219 720 271 canaan
752 221 950 272 canuam

187 374 280 440 certe
297 379 362 438 tate
381 374 506 442 iubebas
525 376 655 440 ammam
673 375 802 452 madere,
821 365 935 457 inique,
954 377 1005 439 me
1034 405 1038 414 ⁴

185 471 333 536 hduceua
353 473 386 536 iu
404 452 653 554 amorem,‘qnaai
672 479 736 536 tuta
755 473 854 536 omnia
872 476 915 534 mi
937 471 1047 535 forent.

186 568 270 631 ldem
289 588 368 632 nunc
386 570 516 632 retrahis
535 575 578 648 te,
599 591 635 632 ac
654 575 706 632 tua
724 569 805 631 dicta
824 570 924 632 omnia
947 568 1087 650 lacuque

187 663 304 728 Ventos
325 667 415 728 inrita
433 667 517 732 ferre
536 673 568 730 et
585 667 712 730 nebulas
730 667 826 728 airias
846 667 932 730 sinis.
1194 671 1239 730 lo

186 761 221 826 Si
239 767 273 824 tu
292 763 403 856 oblitus
423 782 468 842 ea,
489 770 520 826 at
538 763 577 826 m
595 763 805 840 meminerunt,
826 763 964 832 meminit
981 762 1088 840 Fides,

187 857 282 938 Quae,
300 865 333 924 ta
352 865 386 924 ul
404 863 557 943 poeniteat
574 860 735 944 postmodo
755 860 838 937 facti
858 859 959 937 faciet,
978 859 1033 924 tui.

216 1103 263 1208 (
366 1167 368 1174 Α
470 1078 742 1151 cannen
792 1077 939 1147 xxxi.

188 1177 215 1254 c‘
371 1223 424 1278 oo
455 1221 1038 1297 srnnronanunumsunan.

245 1338 484 1422 l'euinsolarum,
505 1342 627 1421 Sirmio,
646 1315 872 1429 insulsumque
936 1388 941 1398 .

245 1435 361 1516 Ocelle,
382 1459 573 1520 quascunque
592 1441 625 1502 iu
644 1441 826 1522 liquentibus
849 1438 971 1520 stagnis

244 1531 385 1637 Marique
402 1542 486 1600 vasto
507 1537 567 1600 fert
586 1537 713 1618 uterque
732 1538 900 1620 Neptunus,

218 1675 251 1731 'ii
264 1679 386 1750 ammam,
397 1680 612 1752 nonsimpliciter
622 1699 686 1752 pro:
724 1687 765 1736 ter
776 1683 906 1736 exsrrltent
917 1687 943 1736 ct
955 1681 1078 1735 omnibus
1091 1693 1178 1749 paene
1189 1679 1234 1734 in-

186 1748 374 1814 animum,=serl
389 1769 449 1820 pro:
462 1758 611 1815 metutam,
625 1753 685 1804 h.a.
724 1751 945 1804 cadautloetitiis.
979 1752 1036 1804 ΙΙειεΙ
1050 1749 1179 1818 percepit,
1199 1755 1233 1802 ut

186 1831 274 1881 omna,
288 1819 359 1884 quoal
373 1818 456 1872 inme
469 1819 606 1902 vigetets
624 1821 685 1876 mat
724 1821 795 1874 canit
813 1819 843 1870 iu
860 1820 914 1872 hoo
935 1819 1064 1881 carmine,
1094 1819 1232 1881 Catullus,

184 1885 258 1940 Hinc
276 1887 405 1940 Horatius
427 1887 571 1958 Virgilium
617 1889 685 1954 (ΙΙ,
725 1888 846 1940 camille
860 1885 1232 1956 inredituexllitlryuiaiam

184 1952 212 2016 3,
224 1953 249 2006 8.
264 1969 317 2006 uon
330 1957 419 2021 animi,
432 1958 479 2009 sed
493 1958 627 2010 animae
644 1958 686 2011 ‹li-
723 1957 817 2010 villam
831 1973 906 2009 suam
918 1956 946 2007 in
964 1954 1233 2024 propinquoconspi-

184 2022 292 2076 oriolium
302 2030 388 2077 vocat
421 2024 497 2078 lolem
508 2026 562 2079 Sat.
576 2027 599 2091 Ι,
607 2023 633 2090 5,
642 2025 685 2080 41.
724 2032 808 2086 catus,
825 2024 976 2089 suavitates,
999 2041 1110 2093 quassa
1127 2024 1232 2076 lessam

183 2089 221 2144 de
231 2091 325 2144 amicis
335 2092 449 2146 intimis:
468 2095 695 2163 animaeque
724 2110 758 2146 cx
783 2092 878 2145 itincre
903 2092 944 2145 ibi
965 2097 1113 2162 manerent,
1135 2091 1231 2146 animo

185 2157 222 2210 ies
242 2177 322 2226 anaqam
340 2163 502 2216 candidiores
521 2165 601 2216 'Porro
613 2165 686 2228 tulit,
725 2161 896 2229 praeciperet.

184 2243 266 2346 aegre
279 2228 350 2294 meir
360 2246 401 2280 me
412 2230 447 2282 sit
459 2230 601 2283 devinctior
610 2233 686 2284 alter.
758 2229 784 2281 1.
810 2230 915 2291 Sinnio,
972 2227 1086 2292 niusula,
1107 2226 1136 2279 in
1159 2241 1230 2296 agro

238 2333 244 2344 .
267 2297 380 2348 retrahis
396 2303 431 2348 to.
448 2323 483 2338 ·-
510 2315 538 2348 se
553 2299 688 2350 retrahere
726 2295 870 2350 Veronensi
885 2298 920 2350 ad
952 2313 1030 2348 acum
1045 2298 1179 2350 Benacum
1192 2295 1233 2348 si-

184 2361 264 2430 plane
282 2368 313 2414 ut
330 2363 358 2415 in
371 2363 457 2430 patrio
475 2381 608 2418 sermone=
632 2367 689 2419 sicia
726 2369 753 2418 ta
768 2365 827 2430 (ubi
838 2366 906 2418 villa
918 2365 1018 2432 Catulli
1032 2365 1104 2432 luit),
1118 2370 1232 2418 vocatur

183 2431 376 2484 masalmam.
403 2433 497 2484 Horat.
512 2433 595 2502 Epist
611 2435 633 2498 1,
644 2433 687 2500 18,
727 2435 831 2497 ocellus,
851 2434 923 2501 quia,
940 2433 1019 2486 sicuti
1038 2431 1154 2502 corporis
1168 2449 1232 2500 pars

185 2495 228 2550 58.
248 2515 282 2550 ne
309 2506 336 2550 tc
355 2501 515 2553 retrahas
541 2509 567 2556 et
585 2502 688 2555 inexora-
726 2503 1060 2584 praestantissimaoosdus,
1080 2501 1119 2554 ita
1134 2501 1232 2554 Sirmio

185 2566 276 2619 salitis
290 2567 384 2620 obstes
485 2611 490 2620 .
565 2615 566 2622 ,
724 2572 875 2623 ansularum
893 2576 919 2624 ot
935 2569 1134 2638 peninsulnrum
1151 2585 1233 2635 prae-

221 2633 262 2687 1⁰.
286 2635 380 2688 Ventos
392 2635 475 2689 inrito
485 2641 568 2704 ferre.
583 2655 614 2692 ox
624 2644 688 2694 nota
726 2639 887 2693 sicutissime
898 2639 1031 2693 laniatur.
1059 2636 1233 2704 Quodnolais

185 2707 326 2771 poetarum
339 2704 688 2773 irnagineuentiatrodivel
726 2712 766 2758 est
786 2707 963 2770 carissimum,
991 2707 1019 2758 id
1048 2706 1134 2759 oculis
1151 2705 1232 2761 uobis

184 2771 415 2841 uocatisdiscerpi
427 2773 609 2838 dictamnum,
619 2793 688 2842 quaa
726 2774 814 2827 carius
829 2793 887 2828 esse
907 2775 1012 2829 dicitur.
1054 2771 1231 2828 cataniae.

186 2847 249 2892 runt
262 2856 345 2892 vanae
358 2849 384 2892 at
396 2839 496 2894 irritae.
521 2845 584 2896 loir.
596 2843 687 2908 LlllV,
728 2843 862 2908 Lxxxli,
879 2843 905 2906 3,
922 2843 948 2894 4.
968 2843 1049 2894 multo
1064 2843 1132 2910 qaod
1143 2842 1231 2895 carius

185 2906 245 2960 142
265 2909 338 2974 Quae
353 2917 445 2962 cancta
464 2912 529 2962 aricii
542 2912 690 2981 discerpant
727 2913 774 2963 illi·
787 2911 918 2978 (Catullo)
944 2913 993 2963 Est
1011 2911 1099 2971 oculis,
1125 2911 1149 2962 si
1167 2910 1231 2978 quic

185 2977 266 3030 irrita
276 2978 355 3030 canti.
375 2979 502 3046 Exempla
512 2979 540 3031 in
553 2980 689 3032 honorem
728 2981 814 3032 carius
830 2987 870 3032 est
888 2980 976 3033 caelia.
1017 2978 1111 3030 Cicero
1125 2995 1231 3045 quoquo

186 3044 300 3097 collecta
311 3045 365 3102 rid.
379 3047 448 3114 apud
462 3049 572 3100 Cordum
583 3049 618 3101 orl
631 3049 690 3100 Vir-
703 3063 705 3068 ’
728 3048 761 3100 ad
771 3049 849 3100 Attio.
861 3045 1150 3112 massilianensis
1163 3048 1233 3099 occl-

186 3111 236 3181 gil.
251 3114 316 3166 Aeo.
332 3115 379 3178 ΙΙΙ,
391 3115 451 3168 313.
729 3117 768 3168 los
788 3117 882 3170 ltaliae
899 3122 982 3168 vocat.
1024 3116 1099 3166 Idem
1118 3116 1151 3166 ie
1168 3115 1229 3168 Nol.

222 3179 265 3234 ΙΙ.
282 3184 375 3236 ollitas
392 3201 428 3247 aa,
454 3183 510 3240 soil.
534 3183 688 3252 promissas,
727 3185 808 3236 licor.
823 3183 929 3249 111‚38.
946 3183 1104 3236 Corinthum
1119 3190 1146 3236 et
1164 3185 1231 3236 Car-

188 3263 250 3299 cnm
259 3249 289 3300 in
304 3251 452 3305 amicitiam
470 3259 545 3306 tuom
556 3269 601 3306 me
612 3254 690 3306 iudu-
728 3251 876 3320 thagiuem,
891 3255 970 3304 urbes
983 3251 1230 3319 praestantissimas,

186 3332 270 3381 caras,
281 3318 353 3372 fidei.
729 3321 793 3374 duos
806 3323 891 3378 oculos
904 3339 967 3374 orne
980 3323 1128 3374 maritimae
1140 3321 1231 3389 appal-

314 3436 443 3502 cnsn·
468 3439 565 3495 xxxi.
679 3493 696 3506 ,.
727 3389 798 3526 iiiia
811 3391 998 3512 {iiiiii
1015 3390 1059 3442 *⁰¹
1081 3391 1230 3457 ww

221 3523 313 3576 Lectio
325 3525 407 3578 huius
421 3529 545 3581 carminis
566 3527 692 3582 suavissi-
763 3525 788 3576 3.
805 3530 871 3591 fert,
889 3523 1003 3594 explicui
1014 3523 1092 3578 olim:
1117 3524 1230 3578 sustinet

187 3609 246 3644 mos
260 3609 351 3646 sensus
370 3596 484 3649 excitare
500 3597 630 3666 imprimis
645 3597 692 3648 de-
730 3594 807 3662 quasi
826 3593 855 3644 in
873 3601 958 3663 tergo,
978 3609 1040 3646 nam
1059 3593 1129 3646 mari
1140 3594 1230 3650 arim

187 3663 235 3713 bet
253 3660 280 3712 in
300 3669 406 3730 pectore
429 3681 530 3727 eorum,
552 3665 607 3732 qui,
629 3681 691 3717 cum
729 3661 873 3723 tribuitur;
897 3680 940 3715 res
961 3679 1024 3716 sane
1047 3662 1177 3729 postulata
1201 3663 1230 3716 in

189 3744 221 3780 er
233 3728 356 3798 longiore
370 3735 583 3802 peregrinatione
596 3733 630 3785 ad
643 3748 690 3800 pa·
727 3731 909 3795 tutalahabet,
924 3736 1007 3795 curat,
1016 3731 1086 3782 iovct
1099 3736 1171 3794 cett,
1183 3731 1230 3784 scal

187 3795 253 3849 trios
268 3799 336 3852 laras
348 3801 467 3864 redeunt,
479 3801 618 3869 etpropius
628 3818 689 3868 pro·
727 3799 795 3852 haec
812 3797 884 3869 notio
899 3817 931 3850 ex
945 3816 1010 3851 voco
1019 3801 1093 3864 serre
1107 3816 1160 3852 noa
1173 3799 1230 3852 siae

188 3863 403 3984 giusquaadaos
420 3871 572 3922 aecedentes
585 3869 689 3920 velur-
727 3867 756 3919 vi
773 3867 889 3934 quadam
910 3867 973 3920 elici
988 3872 1082 3936 potest.
1107 3869 1148 3920 An
1163 3867 1228 3920 scri-
1293 3929 1294 3932 Ἴ

208 3947 260 4012 cm,
276 3935 319 3988 val
333 3953 442 4006 pagum,
462 3938 506 3990 vel
518 3938 621 4000 villam,
639 3937 688 3989 uhi
727 3936 780 4003 psit
792 3937 903 3989 fortasse
921 3937 1057 3996 Catullost
1081 3935 1178 4003 effert?
1201 3941 1230 3990 ul

188 3998 319 4066 habitant,
353 4007 526 4076 prospiciunt,
556 4005 608 4056 sibi
634 4023 688 4058 noa
728 4005 777 4058 sit=
806 4021 838 4056 ox
858 4006 923 4066 olto,
941 4021 975 4057 ex
993 4003 1063 4056 mari
1082 4011 1110 4057 et
1120 4005 1228 4072 stagnis,

188 4071 336 4136 temperare
355 4080 472 4140 possunt,
489 4074 553 4142 quin
566 4073 691 4128 iuvenili·
727 4071 756 4127 io
775 4073 864 4126 lucem
883 4073 970 4138 effert,
992 4073 1101 4142 prolati,
1112 4072 1227 4136 'extollit
