2624 4722
417 273 603 336 eleuare
629 273 752 322 cxxv.
1027 245 1100 322 15³

350 463 625 536 GARMEN
661 465 821 536 LXXV.

356 641 359 658 .
448 611 501 666 uu
526 609 728 665 uusuirue

60 725 158 790 Nullo
175 732 278 809 petest
295 728 406 792 mulier
422 736 537 793 tuntum
555 749 590 793 ee
610 730 712 792 dicere
731 734 857 790 emobru

148 824 241 901 Vere,
260 831 401 904 quantum
414 837 439 887 'a
457 847 516 902 me,
536 826 655 903 Lesbia,
675 833 781 904 emata,
801 845 878 904 meu,
899 845 942 890 er.

62 919 159 984 Nulla
177 921 255 984 fides
274 921 335 983 ullo
354 922 412 984 fuit
430 943 559 1004 uuquem
577 923 702 984 loedere
723 929 814 998 meu,

150 1017 266 1094 Quanta
284 1019 323 1080 iu¹
335 1027 446 1082 emere
457 1025 509 1082 tuo
529 1039 567 1082 ex
585 1025 671 1101 porte
689 1024 810 1100 reperte
827 1036 897 1080 mea
914 1024 970 1084 eat.

63 1111 157 1176 Nune
178 1120 226 1176 eet
244 1133 328 1176 meur
347 1115 474 1178 adduete
493 1121 553 1192 tua,
574 1135 642 1178 mea
660 1115 780 1194 Lesbia,
804 1117 902 1198 culpo,
1084 1113 1103 1178 5

75 1200 79 1206 ’
150 1210 250 1289 Atque
269 1211 311 1272 ita
331 1231 365 1274 re
385 1212 496 1274 officie·
508 1211 641 1294 perdidit
659 1213 725 1293 ipsa
744 1230 810 1287 auo,

66 1305 115 1368 Ut
133 1307 195 1367 ium
214 1327 276 1368 uec
290 1308 369 1371 beue
386 1309 467 1369 velle
485 1327 592 1388 queem
611 1308 676 1383 eibi,
696 1309 724 1370 ei
743 1310 855 1389 optimo
877 1309 945 1387 fler,

150 1401 216 1466 Nee
235 1403 383 1468 desistere
401 1423 510 1482 amere,
531 1404 676 1470 emulari
698 1403 801 1467 facian.

64 1585 110 1648 tec
129 1597 170 1646 ost
186 1591 250 1646 douo
269 1591 377 1658 silentii,
395 1593 465 1661 quod
483 1593 570 1663 digito
642 1593 668 1650 8.
685 1595 925 1666 cllofuitucpueio
934 1598 1051 1666 ¹foedere.
1070 1615 1105 1655 uu

66 1661 112 1744 cri
124 1662 231 1714 admoto
241 1660 415 1782 significatur.
433 1663 472 1716 cf.
489 1664 571 1746 Cupe-
608 1663 675 1746 lerto
688 1669 749 1748 poet
756 1683 867 1747 capum
876 1667 973 1722 excidit
990 1669 1001 1722 i
1007 1668 1047 1722 ol
1063 1683 1113 1740 seqv

65 1747 94 1782 η
110 1731 194 1798 Ηιιηι.
214 1747 240 1798 p.
277 1729 311 1794 4.,
329 1745 381 1796 que
402 1731 462 1783 lece
475 1731 569 1802 Epigr.
608 1737 778 1802 quitur-amm
791 1751 932 1788 enomere.

66 1797 251 1852 cautionum
263 1798 421 1850 incurratur.
642 1798 667 1853 4.
685 1817 715 1852 er
722 1809 801 1870 parte
818 1819 882 1868 mea,
902 1801 973 1870 qued
988 1803 1023 1856 cd
1036 1820 1107 1873 eam,

199 1914 323 1970 cleu.
340 1913 444 1968 dxxv·
607 1885 723 1989 quilii
734 1871 1107 2004 lollssil'illffi'il'lle

105 2002 242 2072 Scriptum
248 2005 345 2066 eatboc
355 2004 518 2073 poematium
525 2022 571 2060 ee-
609 2004 788 2074 augustioroo3
805 2005 830 2057 oi
845 2005 917 2072 quid,
932 2008 1001 2074 quod
1012 2015 1051 2060 cot
1064 2009 1108 2063 vel

68 2072 134 2126 dem
153 2078 271 2141 tempore
285 2079 313 2125 ot
328 2075 420 2128 oedem
433 2076 466 2126 de
481 2091 570 2140 causa,
608 2073 660 2126 luit
682 2074 800 2140 amplum
819 2081 846 2126 et
863 2076 962 2139 laurum,
980 2074 1008 2126 in
1021 2091 1108 2144 angu-

69 2157 126 2210 qua
137 2139 250 2194 carmen
265 2142 370 2196 bllllll.
394 2143 507 2196 Lesbiae
520 2143 571 2195 aci·
609 2146 679 2198 otum
688 2140 819 2193 relbrevc
829 2143 1003 2206 contrabitur,
1014 2143 1042 2196 id
1050 2145 1106 2196 ele-

67 2211 136 2263 lieat
151 2223 218 2276 erga
234 2209 370 2263 Catullum
383 2227 459 2264 emor
472 2211 571 2280 luigero
609 2216 703 2277 gauter
715 2209 929 2276 dieiturodduci3
947 2212 1047 2265 Catulli
1054 2211 1109 2282 igi-

71 2285 206 2344 coeperet,
225 2275 280 2330 rire
296 2278 367 2344 quod
383 2279 451 2332 aliua
463 2280 571 2346 quidam
609 2284 800 2330 turmcusaute
808 2294 898 2332 amore
905 2277 982 2346 plena
990 2287 1016 2332 et
1024 2282 1109 2334 abuu-

70 2352 176 2400 umator
191 2345 260 2412 opud
282 2362 341 2400 eam
362 2363 431 2400 urrue
447 2355 505 2400 orat
524 2365 571 2415 po·
609 2344 674 2397 dana
688 2345 826 2414 (adducto)
845 2363 915 2400 nunc
927 2347 1054 2402 inclinata
1069 2355 1110 2404 eet

68 2413 132 2477 rior,
145 2411 203 2466 sivo
215 2412 286 2480 quod
295 2414 345 2466 illa
352 2414 487 2468 imminuti
498 2431 571 2468 ame·
609 2429 651 2477 ee,
664 2418 695 2466 ut
712 2413 787 2467 ficret
799 2415 895 2468 lectior
909 2424 935 2468 ct
947 2417 1109 2484 languidior.

69 2481 110 2535 ris
121 2480 291 2534 simulatione
303 2489 416 2536 urereet
427 2483 572 2536 sollicitare
609 2481 679 2534 Pliu.
701 2483 784 2549 Epist.
798 2483 823 2547 l,
842 2483 883 2535 16.
902 2485 933 2536 lu
947 2486 1110 2540 concionibus

69 2549 180 2604 volebat
192 2549 289 2602 (lutulli
302 2551 428 2605 acimum.
454 2553 516 2619 Quo
527 2569 571 2604 or-
610 2549 708 2614 eodem,
721 2568 786 2619 poce
797 2552 1000 2618 icorotioaibuo',
1013 2555 1109 2619 edocet,

69 2617 177 2672 dontius
199 2618 289 2670 eutem
304 2619 427 2672 Catullus
447 2620 572 2674 Lesbiam
606 2619 721 2686 pressior
732 2626 827 2683 tamea,
845 2627 871 2674 et
885 2621 1109 2691 circumscriptior,

70 2687 190 2748 amabor,
209 2692 239 2740 ut
252 2685 369 2740 declarat
383 2689 426 2740 hie
440 2688 571 2752 versibus,
610 2693 636 2740 et
648 2685 833 2739 adductiore

70 2751 225 2822 oogravior
237 2753 378 2807 demutato
389 2756 503 2808 Lesbiae
515 2756 572 2808 aui·
643 2753 668 2806 6.
687 2755 768 2821 Atque
781 2755 829 2818 ito,
847 2759 873 2806 et
887 2755 939 2808 bac
953 2755 1035 2826 ipsius
1052 2756 1110 2808 cul·
1206 2781 1207 2784 ¹

69 2838 117 2876 mo
137 2821 194 2873 eius
212 2821 262 2876 iuit
280 2823 363 2875 dolor.
376 2851 412 2874 -.··
428 2824 572 2878 Profitetur
609 2837 653 2888 pa,
672 2822 743 2890 (ipse
761 2839 788 2873 rc
809 2824 896 2888 officio
917 2841 962 2876 ouo
978 2825 1109 2893 perdidit)

70 2890 195 2944 Catullus
212 2907 240 2944 ee
257 2890 390 2954 Lesbiam,
407 2890 571 2956 tiaratae,
610 2889 668 2956 ipae
688 2888 802 2956 privarit
820 2907 849 2942 ee
866 2907 913 2943 ouo
928 2908 958 2943 cr
978 2897 1110 2946 camate-

70 2965 104 3012 ut
124 2974 194 3024 supr.
221 2957 309 3010 carm.
327 2959 435 3023 axin,
453 2959 478 3011 1.
498 2960 572 3024 dicit,
611 2973 669 3009 rem
684 2956 782 3011 officie.
819 2909 977 3012 Observal

70 3025 573 3095 affectuiriticiuric‚umarenuuqrram
611 3023 794 3079 insolentiam
810 3027 920 3094 perdere
934 3045 961 3078 oe
971 3028 1109 3095 aliquare,

70 3094 231 3148 destiturum
243 3109 309 3146 ease.
323 3123 355 3132 -
370 3095 508 3147 Habemus
520 3097 573 3165 igi-
610 3110 673 3162 pre:
690 3091 871 3161 remuliquam
881 3096 997 3161 perdere.
1006 3123 1041 3136 -·
1056 3094 1110 3148 Pro

68 3167 116 3218 tur
127 3161 285 3231 exemplum,
294 3170 347 3230 que
358 3163 481 3216 (latullus
492 3179 573 3216 uuam
629 3162 655 3213 io
673 3159 733 3214 dedi
751 3179 792 3214 eu
805 3179 837 3224 e,·
864 3163 917 3214 boe
940 3162 1010 3215 e'nim
1027 3163 1110 3218 Gudd.

69 3229 236 3298 eandemque
259 3233 317 3284 r‘em
344 3230 461 3301 gemine
476 3232 573 3285 carmi-
638 3229 705 3282 read.
722 3237 750 3282 et
763 3246 853 3281 omues
867 3236 928 3284 ante
948 3231 1110 3302 Scaligerum

69 3299 574 3433 :airratiobiliter*
611 3298 1112 3438 igtsffeiltbtdistetbe

292 3405 300 3431 ι
560 3396 575 3410 “
808 3396 854 3418 ·““’

92 3451 148 3499 ere,
160 3435 205 3486 aed
220 3436 255 3488 ob
267 3451 348 3488 uuam
355 3437 517 3504 eundemque
529 3453 573 3488 ue-
611 3433 845 3500 amatoriapaesim
855 3437 946 3501 obvla3
962 3437 1015 3490 rid.
1028 3439 1112 3490 leter-

70 3453 210 3572 lotypiem.
225 3531 258 3542 -
281 3504 313 3556 Iu
325 3503 377 3556 hue
391 3504 508 3556 carmine
522 3503 574 3556 eic-
608 3509 697 3571 preter
717 3502 751 3553 ed
772 3503 876 3556 Peteon.
896 3522 952 3572 cop.
965 3505 1024 3558 140.
1047 3505 1111 3556 llue

71 3577 103 3628 ut
113 3571 149 3623 'in
161 3571 222 3623 aliie
241 3570 346 3639 saepius
368 3579 459 3624 eontra
482 3576 577 3626 aucte-¹
611 3569 722 3633 accedit,
733 3571 803 3638 quod
815 3572 928 3626 Lesbiae
937 3574 1034 3625 iniuria
1046 3587 1112 3653 erpa

69 3639 178 3692 ritatem
206 3639 287 3692 cedd.
316 3642 351 3691 ab
376 3639 572 3708 interpretibus,
612 3637 1062 3708 Catullumrepetcndavideturab
1077 3639 1119 3692 il·‘

70 3705 229 3760 nominatim
247 3723 264 3760 a
280 3709 424 3776 scaligero,
444 3708 514 3762 laeta
533 3713 574 3760 cst
610 3704 664 3758 lius
676 3706 704 3759 in
722 3723 813 3760 amore
829 3709 949 3778 perfidie.

72 3782 198 3828 varenam
216 3791 248 3830 ex
268 3791 321 3829 uuo
335 3775 572 3832 earmiueiualiud
645 3772 671 3826 8.
690 3776 776 3828 omnia
789 3777 813 3828 ei
824 3779 924 3844 sociae,
941 3774 1007 3830 lieet
1019 3771 1121 3843 quevb‘

72 3843 203 3900 traiectio
515 3907 516 3913 ἵ
609 3856 655 3895 rue
668 3843 790 3898 uffeeefie
802 3843 908 3899 iniuria.

976 2959 1108 3012 ocutiouie
