2604 4720
430 287 612 340 Mulli!
634 287 718 338 uxr.

366 477 640 554 cnnMEn
687 479 795 551 LXI.

222 621 268 684 ru
288 622 485 684 ausuras
507 624 660 682 aaaron
683 624 739 682 nr
762 623 933 682 uauurr.

338 742 433 814 conis
452 762 472 808 o
495 743 649 808 Heliconii

183 857 187 867 ·
261 837 375 920 Cultor,
395 841 526 903 Uraniae
544 859 650 922 genus,

257 935 319 1014 Qui
338 937 420 1018 rapis
440 943 575 1000 teuemm
594 937 632 999 ad
650 935 749 998 viram

258 1031 424 1114 Virginem,
444 1053 462 1095 o
482 1034 658 1114 Hymenaee
676 1033 808 1114 Hymen,

257 1128 379 1210 Hymen
398 1147 416 1193 o
435 1129 627 1211 Hymenaee:
1072 1129 1093 1192 5

201 1271 329 1332 onan
346 1275 417 1329 nus.
585 1233 1096 1344 ¹annanonnaginta.-annomeo-

86 1337 183 1395 Tanta
200 1347 242 1397 est
257 1335 338 1396 buius
357 1341 483 1397 carminis
497 1359 559 1398 sua-
596 1345 647 1397 ls'as
663 1345 805 1412 respuas
820 1338 891 1394 idem
910 1357 969 1394 esse
981 1341 1096 1407 videtur,

49 1403 129 1460 ritas
143 1411 170 1462 et
182 1408 302 1475 dulcedo,
312 1411 406 1464 ateius
418 1411 560 1466 lectiolar-
596 1413 673 1464 cuius
685 1411 851 1480 singularem
862 1408 891 1460 in
902 1425 931 1462 se
944 1413 1096 1464 amoremot

50 1476 132 1595 ἔξω
150 1485 307 1561 οοιιψοιιοοῐο
316 1496 399 1548 grave
419 1480 487 1533 illud
503 1486 560 1534 tan-
596 1479 743 1561 amicitiam
759 1477 902 1562 magnilica
916 1478 1097 1560 Catullusnex-

49 1547 560 1696 alllallllltlltltltlll'iu
596 1546 1097 1683 idldlbbllttnllzltl

51 1680 108 1734 nst
123 1681 330 1750 Epithalamium
341 1685 370 1736 ia
388 1684 502 1753 Nuptiae
514 1686 557 1738 lu·
594 1682 887 1766 insumptu,blll'lll.-
894 1681 1097 1751 Delnscriptio·

52 1747 111 1800 liae
129 1757 156 1801 et
169 1751 273 1817 Manlii,
293 1751 322 1804 in
340 1769 392 1819 quo
407 1758 485 1820 poeta
502 1759 558 1805 stu-
595 1770 630 1805 ne
641 1753 722 1804 buras
736 1749 869 1815 carminis,
881 1766 961 1816 quarn
970 1751 1096 1802 exhibent

52 1815 136 1868 dione
148 1825 262 1870 accimus
274 1824 300 1870 et
310 1821 460 1888 complexus
471 1824 558 1886 estea,
595 1819 697 1873 veteres
707 1820 855 1872 Editioness
879 1818 1095 1887 Epithalamium

33 1883 156 1952 'quibus
168 1886 294 1954 nuptialis
307 1887 362 1940 dics
378 1888 448 1955 apud
460 1889 559 1942 Roma-
597 1890 718 1942 observat
739 1889 857 1940 Muretus
873 1885 954 1939 haec:
984 1887 1034 1940 Est
1047 1885 1096 1938 boo

51 1967 106 2004 noa
119 1955 249 2007 celebrari
256 1961 282 2007 et
288 1955 400 2024 bensigi
407 1957 516 2009 solebat.
525 1981 558 1994 -
596 1973 699 2008 carmen
707 1956 806 2024 quidem
813 1955 938 2021 nuptiale,
952 1971 999 2006 uec
1008 1962 1096 2006 tomen

50 2019 138 2074 Iurat
153 2036 232 2075 omne
249 2022 330 2076 huius
341 2023 464 2076 carminis
477 2039 559 2093 argu·
593 2025 702 2094 proprie
727 2021 1008 2091 Epithalamium,
1033 2037 1096 2073 uana

52 2093 180 2145 mentum
196 2089 224 2142 in
239 2091 306 2144 haec
321 2107 406 2158 pauca
419 2092 557 2162 redigeret
597 2091 839 2162 llps‘tlrulomio
852 2089 1096 2141 conabunturuoir-

53 2157 180 2210 Primum
193 2165 271 2226 pocta
288 2159 399 2212 solemni
412 2175 486 2212 more
500 2161 558 2229 lly-
621 2160 721 2221 'aibos,·
735 2175 792 2210 uam
806 2157 860 2209 ium
880 2173 949 2208 nono
967 2165 1051 2225 nupto
1067 2157 1096 2208 iu

52 2240 208 2293 monacum,
229 2234 260 2280 ut
280 2228 359 2280 deum
372 2227 515 2280 secundum
532 2231 560 2279 et
608 2235 662 2281 ecto
681 2225 733 2278 oiri
751 2227 968 2279 connumerasset.
1008 2223 1096 2278 Sedu

52 2292 212 2413 propitiam,
236 2295 314 2348 dictis
333 2295 432 2364 nuptiis
458 2297 558 2360 adesse,
596 2294 721 2360 carmine,
739 2293 768 2346 in
782 2310 835 2362 quo
850 2291 985 2362 virginum
999 2309 1097 2362 puero-

66 2369 130 2416 aetu
142 2363 375 2429 carminaeanere,
392 2365 463 2417 inter
474 2364 559 2434 tripu·
595 2379 708 2432 rumque
733 2363 830 2415 ebosus
850 2377 947 2415 canens
970 2367 998 2414 et
1015 2377 1096 2429 spon·

53 2429 101 2482 diu
125 2430 211 2483 lacem
228 2433 374 2501 nuptialem
390 2439 508 2500 quatere,
532 2435 559 2484 ct
596 2449 653 2486 sam
672 2433 705 2485 ad
724 2431 813 2499 sponsi
831 2431 938 2485 domum
951 2446 1036 2498 usquc
1050 2445 1097 2482 co·

52 2498 373 2568 venustissimacpnallae
384 2517 445 2553 cnm
455 2499 557 2553 Manlio
595 2501 693 2554 mitons
710 2499 846 2568 ipsamque
864 2499 973 2552 domum
993 2499 1096 2552 intrans

53 2565 165 2635 nuptias
178 2568 325 2621 divinasna
352 2567 483 2622 raesentia
497 2584 558 2620 sau*
596 2569 739 2635 inducitur,
771 2567 868 2621 latiore
900 2572 972 2618 certe
1006 2583 1094 2632 seusu,

54 2633 415 2690 eireetcoufirmarcaubet.
442 2635 558 2690 Tumad
595 2637 677 2701 hand,
700 2641 773 2718 puto,
803 2635 893 2688 aliena
915 2651 972 2686 esee
989 2635 1097 2688 ridetur·

53 2701 186 2772 virgines,
203 2721 272 2772 quae
287 2705 392 2770 adsunt,
407 2720 437 2758 se
449 2721 558 2756 eonver-
594 2705 748 2772 lusaripnor
767 2703 1097 2772 Epithalamium—cae-

54 2769 98 2834 als,
119 2777 146 2824 et
165 2789 259 2826 aarum
278 2789 336 2825 esse
351 2773 398 2837 ait,
415 2773 560 2842 utliyme-
596 2777 683 2826 terum
702 2773 756 2825 boc
778 2777 863 2825 totum
886 2784 992 2824 waren
1013 2771 1097 2839 spiret

53 2853 155 2891 uacum
178 2841 277 2894 mutuis
296 2840 377 2894 simul
395 2841 558 2894 cauniuibus
596 2839 844 2910 pactamqueudam
855 2840 998 2901 Graecum,
1015 2853 1096 2906 quem

54 2906 195 2976 advocent,
209 2913 235 2962 et
249 2910 382 2978 precibus,
399 2909 496 2976 quibus
510 2908 558 2961 ille
596 2910 718 2962 Catullus
734 2909 761 2960 in
779 2924 811 2960 eo
836 2907 1014 2974 componendo
1034 2911 1096 2958 ante

53 2975 91 3028 nd
115 2992 239 3044 sponsum
265 2993 439 3046 sponsumque
465 2976 558 3044 quovis
597 2979 688 3031 oculos
702 2975 955 3030 habuissevidetnr.
970 3003 1002 3014 -
1017 2973 1096 3041 Quod

54 3042 193 3096 felicitatis
212 3061 311 3116 genero
327 3046 479 3110 mactandos
498 3062 558 3114 per·
596 3046 630 3099 ad
653 3051 768 3098 metuam
792 3043 894 3106 attinet,
920 3059 968 3110 pro
989 3040 1096 3110 dactylo

54 3115 205 3176 mercatam,
216 3131 277 3166 suas
287 3114 406 3184 iungant.
431 3115 559 3182 Ipsamn-
597 3129 784 3180 nonnunquam
798 3111 948 3173 trochaeus,
965 3117 991 3162 et
1003 3110 1029 3162 iu
1042 3109 1097 3176 pri·

55 3195 122 3232 nera
145 3187 173 3233 et
191 3182 330 3246 beneficia,
349 3199 416 3251 qnae
427 3180 559 3252 singulari
596 3199 642 3235 ma
651 3183 809 3234 sederes-sus
821 3179 961 3248 quartipro
969 3179 1096 3232 trochaeo

57 3247 208 3317 Hymenaei
222 3250 307 3303 favori
322 3255 349 3303 et
365 3250 496 3303 divinitati
513 3251 559 3302 de·
597 3251 727 3320 spondeus
739 3249 839 3318 positus
852 3253 900 3299 est.

55 3317 180 3384 beantur,
196 3317 365 3372 indeavers.
379 3317 421 3371 51.
433 3318 559 3386 usquead
631 3319 656 3370 l.
686 3318 764 3370 Gallio
781 3315 909 3368 Heliconii
924 3315 1023 3370 stallos.
1037 3317 1098 3385 lly-
1146 3326 1152 3334 '

55 3400 83 3436 v.
98 3383 142 3437 ¹15.
162 3394 328 3439 enarrantur.
345 3389 451 3439 -lum
470 3385 560 3453 seqni-
597 3403 732 3449 menaeus,
757 3390 787 3437 ut
807 3383 881 3435 lilius
904 3385 1011 3466 (genno)
1028 3387 1098 3437 Ura-

56 3452 187 3506 turrinis
207 3456 341 3507 coloribus
364 3470 488 3522 expressa
505 3461 560 3506 tam
598 3456 668 3519 niae,
687 3457 835 3506 maternam
859 3470 935 3521 quaer
957 3455 1045 3508 sedem
1067 3453 1097 3506 iu

57 3537 172 3590 pompae
178 3523 314 3591 nuptialis,
324 3539 404 3591 quam
411 3523 494 3591 ipsine
501 3523 560 3590 pul·
598 3522 729 3576 Helicone
739 3522 829 3574 babet.

58 3590 208 3643 uberrimae
219 3609 341 3659 sponsae,
353 3592 475 3644 decenter
488 3591 560 3643 ince-
631 3591 657 3644 3.
675 3589 1011 3659 rupie.ql1aaipnellaenon
1019 3605 1098 3657 spon-

56 3657 143 3710 ‹leutis
162 3665 190 3712 et
205 3660 315 3712 furtivas
329 3659 561 3712 lacrimasdemit·
598 3665 626 3714 tc
648 3658 798 3742 Hymenaei
824 3666 917 3711 nutum
945 3665 1098 3724 sequantur,

56 3727 146 3791 tentis,
159 3728 311 3797 descriptio,
322 3730 385 3780 dum
397 3727 561 3781 cbornssir·
599 3730 644 3782 eed
658 3746 686 3780 vr
698 3728 809 3795 quadarn
825 3727 860 3780 ab
874 3743 906 3778 eo
919 3744 951 3779 ex
962 3725 1098 3792 virginum

55 3795 152 3863 &num
166 3796 486 3849 canit—ludeaversu
499 3796 558 3850 121.
599 3797 910 3850 societateabducantur.
942 3793 1020 3860 Quod
1029 3793 1098 3846 bene

74 3881 202 3916 neronum
219 3865 317 3917 morus
334 3871 440 3917 cartana
456 3863 560 3932 incipit.
598 3865 738 3933 respondet
751 3861 896 3916 modestiae
909 3862 959 3924 illi,
975 3879 1028 3928 qaae
1041 3861 1099 3912 vir·

83 3932 138 3984 itus
153 3933 287 4000 nuptiales
305 3939 562 3996 commemorantur3
599 3933 675 4002 ginee
693 3933 807 4001 nuptias,
822 3947 887 3997 quae
907 3937 996 3983 ruente
1010 3929 1099 3998 requi·

55 4001 144 4054 hmta
155 4007 219 4054 roto
232 4009 433 4070 nuncupantur3
451 4016 561 4067 sponsus
576 4061 580 4071 Ι
598 4007 669 4070 runt,
681 4003 804 4068 reingere
816 3998 946 4051 videntur.

55 4073 83 4122 et
107 4085 207 4138 sponsa
231 4071 357 4123 laudibus
384 4068 561 4132 extolluntura
632 4069 659 4122 4.
676 4089 692 4122 o
711 4071 856 4138 Hymenaee
868 4068 970 4135 Hymen
980 4070 1040 4119 cett
1056 4082 1101 4118 re·

55 4139 127 4194 bona
138 4145 283 4210 praecepta
295 4144 379 4208 usqua
390 4138 424 4194 ad
436 4135 561 4194 carminis
598 4135 710 4207 petinam
734 4145 762 4192 et
781 4133 986 4206 multiplicatum
1002 4149 1100 4190 nomeu
