2624 4722
426 305 748 359 onnntsrs'nxs'v.
782 327 808 340 *¹

69 459 218 522 Canitiem
237 466 317 522 terra
336 461 542 541 atqoolnfuso
561 463 684 544 pulvere
702 451 844 539 foederum

67 555 141 618 lude
159 555 271 619 iniecta
289 576 364 638 rago
384 557 563 639 suspendam
581 559 673 620 lintea
693 560 780 636 malo,

68 649 196 713 Nostros
214 658 248 713 nt
267 652 365 714 luctus
384 660 562 732 nostraeque
581 653 719 714 incendia
737 657 845 717 mentis

70 745 218 808 Carbasus
239 749 365 809 obscura
384 749 464 810 dicat
484 749 636 829 ferrugine
656 749 779 812 Hibera.

70 839 159 919 Quod
176 842 233 903 trlsi
253 844 280 904 si
299 845 393 906 sancti
413 847 597 907 concesserit
614 845 714 906 incola
732 847 818 922 Itoni,

71 935 156 1014 Quae
175 943 309 1000 nostrum
328 953 422 1020 genus
443 961 478 1002 ac
498 941 587 1002 sedes
608 940 772 1003 defendere
790 943 877 1005 iretis

68 1033 189 1110 Annuit
209 1040 242 1095 ut
260 1038 337 1098 tauri
354 1055 510 1118 respergas
531 1034 672 1116 sangnine
692 1037 844 1099 dextram:
920 1069 923 1072 ·
1040 1043 1102 1104 23⁰

68 1127 149 1190 'l'um
168 1150 239 1191 vero
258 1131 360 1208 facito,
379 1138 413 1193 ut
431 1133 557 1195 memori
577 1132 632 1193 tibi
652 1133 772 1194 condita
792 1136 882 1196 corde

69 1225 154 1286 llaec
173 1225 290 1306 vigeant
308 1229 455 1307 mandata,
474 1248 530 1290 nec
548 1227 610 1288 ulla
630 1229 770 1290 obliteret
788 1236 888 1291 actosa

68 1321 120 1396 Ut,
141 1321 264 1383 simulac
283 1330 402 1385 nostros
421 1325 549 1386 invisent
568 1324 679 1384 lumina
701 1323 803 1399 colles,

68 1416 230 1478 Funestam
249 1423 393 1480 antennae
413 1419 562 1502 deponant
579 1419 711 1498 undique
729 1423 855 1494 vestem,

69 1511 261 1592 candidaque
280 1515 384 1576 intorti
404 1515 562 1577 sustollant
579 1515 647 1576 vela
665 1513 817 1590 rudentes,
1043 1521 1100 1583 235

67 1605 182 1670 Lucida
201 1629 259 1688 qua
277 1611 436 1689 splendent
454 1611 563 1671 summi
582 1609 737 1671 carchesia
753 1609 835 1686 mall,
1078 1639 1081 1644 ¹

69 1703 294 1785 Quamprimum
314 1725 439 1768 cernens
459 1711 498 1766 ut
511 1706 589 1769 lacta
608 1707 715 1786 gaudis
730 1710 831 1768 mente

68 1799 246 1880 Agnoscam,
267 1821 335 1862 oum
353 1807 385 1864 te
403 1803 546 1866 reducem
565 1807 648 1866 actas
666 1821 811 1885 prospera
832 1799 929 1863 sistet.
1023 1816 1026 1820 ’

101 1987 162 2042 224.
183 1975 309 2042 Canitiem
327 1995 399 2044 terra
419 1993 479 2044 cett.
508 2007 566 2045 mos
603 1987 1102 2048 lainurte'l'lrcssalieeltocovellto-
1207 1977 1209 1984 ¹

68 2055 125 2119 ille,
137 2073 189 2125 quo
202 2057 323 2110 homiues
333 2057 409 2126 gravi
420 2059 494 2111 luctu
505 2077 568 2129 pro-
603 2077 636 2112 uc
646 2059 719 2111 culta
732 2057 792 2112 luit.

68 2125 144 2178 strati
160 2133 231 2180 terra
249 2133 276 2178 et
291 2126 400 2192 pulvere
419 2134 499 2194 caput
514 2127 567 2180 cri·
637 2123 765 2178 muso.
785 2125 857 2190 Quae
868 2152 902 2164 -
915 2125 1019 2188 Annuit,
1033 2143 1101 2195 pune

69 2209 168 2260 neuque
188 2193 389 2258 commaculant,
410 2197 566 2262 repetendus
604 2193 736 2258 lucetiis,
759 2193 805 2260 qui
824 2191 884 2244 lrcti
902 2210 938 2246 sc.
955 2193 1045 2246 levore
1057 2195 1100 2250 vel

68 2265 108 2313 cst
119 2277 136 2314 s
149 2261 249 2324 lurore,
261 2261 373 2327 inquom
384 2262 495 2314 miseros
505 2280 567 2316 con·
603 2261 712 2314 numine
728 2261 866 2312 Minervae
881 2277 966 2330 genus
978 2269 1100 2318 nostrum

68 2327 125 2380 iicit
144 2327 230 2382 luctus
247 2327 421 2382 vehementia.
455 2331 565 2384 Homer.
604 2333 630 2383 et
648 2330 724 2382 sedes
741 2327 879 2380 defendere
894 2330 1000 2383 audent.
1019 2358 1053 2371 -
1070 2339 1101 2386 ut

69 2393 143 2447 lliud.
167 2395 263 2460 XVlll,
285 2393 320 2450 dd
341 2413 394 2464 seq.
420 2400 446 2450 ct
469 2396 566 2468 Odyss.
603 2398 753 2466 toccireap.
768 2414 787 2449 s.
800 2397 925 2461 dextram,
938 2405 1100 2468 ornatopror

68 2462 163 2528 xm,
168 2463 229 2516 315.
242 2463 316 2534 l'irg.
327 2464 392 2516 Aen.
399 2464 498 2527 nell.
515 2468 567 2520 Co-
602 2471 633 2518 ut
643 2465 747 2518 occidas
758 2463 949 2518 Minotaurum.

68 2531 154 2582 uilicus
168 2533 247 2584 multo
262 2531 515 2600 deformatpclocjrc.
636 2531 802 2586 tto-238.
835 2532 879 2593 Ut,
902 2532 1008 2586 ιίιιιιιῐιω
1037 2537 1099 2588 cett.

101 2595 256 2651 zet-22¹1.
277 2599 346 2666 lude,
365 2605 430 2666 tum,
459 2617 566 2669 suspen-
603 2597 715 2654 Sensusz
738 2601 783 2667 llt,
797 2599 910 2652 simulac
922 2601 1003 2654 colles
1016 2601 1101 2656 nostri

69 2665 129 2718 doru
146 2665 227 2718 linteo
239 2667 344 2734 infecto,
363 2667 454 2730 tincta,
474 2685 511 2720 sc.
525 2667 567 2720 ni·
603 2665 631 2720 in
646 2671 813 2736 conspectum
824 2672 898 2719 tuum
913 2667 1040 2736 venerint,
1051 2686 1100 2724 en-

69 2735 230 2802 greculum,
252 2741 282 2786 nt
302 2734 396 2787 docent
420 2735 565 2802 sequentis,
603 2737 698 2788 tcunce
715 2734 832 2801 undiquc
845 2735 975 2802 deponent
986 2736 1047 2790 vele
1058 2735 1101 2792 ni-

70 2803 136 2854 mnlo
148 2817 230 2870 ocgo,
244 2802 413 2872 circumvaga
431 2807 496 2866 (uto
553 2820 566 2855 a
603 2818 662 2870 gra,
674 2809 700 2854 ct
712 2818 759 2869 pro
771 2802 804 2853 iis
813 2809 941 2856 antennae
955 2803 982 2854 ia
995 2821 1100 2858 summo

68 2869 159 2921 navilo
171 2869 241 2938 opud
253 2868 357 2921 Tibull.
368 2869 390 2934 Ι,
407 2867 434 2932 d,
448 2869 516 2924 lor
534 2872 565 2940 .),
603 2870 675 2922 melo
688 2869 827 2920 sustollant
843 2870 903 2922 rcla
919 2869 1038 2936 candida,
1057 2879 1100 2926 nt-

68 2953 99 2988 eo
116 2936 224 3003 quidem
240 2935 362 3000 consilio,
386 2941 416 2989 ut
438 2939 566 2991 Corduena
604 2954 664 3004 que,
681 2953 743 2988 crun
762 2936 845 2988 victor
869 2937 976 3001 redibis,
995 2936 1023 2989 id
1047 2956 1099 3008 ego

69 3003 167 3056 littera
180 3003 252 3070 (vela
263 3021 295 3056 ex
307 3003 370 3067 lino,
383 3005 454 3072 quod
465 3005 492 3057 in
506 3007 565 3058 lbe-
603 3021 712 3057 cernens
734 3004 861 3057 laetitiam
879 3005 912 3057 do
929 3003 1039 3058 victoria
1052 3011 1100 3062 tue

69 3070 109 3123 ria
126 3069 185 3139 eise
203 3070 332 3140 llispania
354 3071 480 3136 noscitur,
502 3090 566 3126 con·
603 3072 693 3126 animo
716 3071 883 3141 praecipiam.
902 3099 937 3112 -
960 3073 1101 3128 maestam

68 3137 152 3201 iecta3
171 3137 211 3189 sic
223 3141 305 3256 {unce
318 3139 410 3191 lbcrici
426 3139 495 3257 apud
506 3141 566 3194 llo-
602 3147 707 3201 certem,
718 3139 871 3207 vclnigre,
880 3138 1028 3192 iunerisvel
1038 3157 1101 3195 ceo·

69 3210 115 3258 rot.
129 3205 212 3273 ll'pod.
239 3205 318 3273 Η.)
341 3208 436 3272 dicat(
454 3208 564 3276 celaret,
603 3207 806 3260 disiudicia.-
826 3208 957 3259 corcllcsio
968 3207 1041 3271 muli,
1054 3221 1101 3262 ex·

68 3273 174 3340 prodat)
192 3273 299 3325 obscura
308 3275 447 3344 ferrugine
464 3277 566 3342 (coloro
603 3279 688 3328 stema
698 3274 762 3326 mali
774 3292 844 3342 pars,
859 3275 904 3326 ubi
916 3275 990 3326 tunes
1005 3293 1053 3344 per
1060 3277 1101 3330 lo-

68 3340 226 3408 uigricante.
247 3341 320 3410 virg.
332 3343 431 3410 Georg.
450 3342 473 3406 l,
491 3339 566 3411 467.)
603 3341 706 3394 nemina
719 3342 937 3394 transmittuntur.
955 3343 1013 3396 Vid.
1032 3343 1099 3398 Non.

68 3416 169 3461 costros
177 3409 259 3460 luctus
272 3417 297 3460 ct
308 3410 399 3461 mentia
411 3418 514 3462 nostroe
526 3411 566 3462 io-
603 3423 626 3460 c.
636 3408 677 3462 15.
693 3427 717 3462 u.
729 3409 771 3463 28.
787 3411 857 3462 Scrv.
870 3411 902 3462 ad
918 3409 989 3481 l'irg.
997 3412 1060 3466 den.
1068 3413 1099 3482 V,

69 3477 166 3528 cerdic.
179 3505 210 3515 -
226 3477 404 3530 Lacdmounus
417 3493 464 3544 pro
479 3479 566 3530 obsco-
602 3475 687 3529 'st-
700 3473 796 3540 lucidc,
808 3475 902 3544 procul
913 3479 1049 3548 fulgentio.
1066 3507 1100 3520 -

69 3560 99 3593 rc
110 3543 183 3596 dicat
196 3543 279 3595 dedit:
298 3545 435 3595 obscurato
444 3544 523 3610 decet,
536 3549 567 3597 ut
605 3552 678 3596 octos
687 3562 822 3612 prospero,
844 3547 929 3598 inusta
946 3546 1038 3600 aetolis
1052 3563 1100 3600 no-

69 3609 114 3662 sit:
131 3617 161 3663 ut
175 3605 278 3678 (sicuti)
289 3609 513 3664 ccrdcsusHidcru
521 3612 566 3664 dc·
604 3619 673 3664 stroc
690 3613 807 3674 fortuna3
843 3629 873 3664 ro
889 3621 963 3666 octos
973 3631 1022 3682 pro
1054 3629 1101 3676 cras

69 3686 107 3730 cct
122 3685 225 3731 nostros
239 3679 330 3743 luctus,
343 3679 457 3731 luctibus
470 3679 566 3732 nostris
604 3679 673 3748 opud
691 3679 787 3748 Grpplr.
834 3688 899 3738 uret.
920 3683 1014 3734 Gracc.
1041 3679 1101 3750 cgi-

69 3744 197 3798 courenit.
216 3773 254 3792 -2
271 3747 390 3798 incendia
409 3748 510 3811 mentis,
533 3747 568 3798 de
605 3753 648 3798 tur
661 3765 716 3799 sors
720 3764 856 3830 prospero,
868 3749 913 3799 sed
923 3757 1012 3800 nostre
1020 3746 1099 3802 lectio

69 3811 263 3865 ardentioribus
283 3813 365 3866 enimi
384 3813 566 3868 commotioni·
604 3814 708 3868 videtur
727 3815 795 3867 miln
811 3813 1008 3884 significantior,
1025 3813 1101 3882 qussi

69 3879 127 3933 burs.
145 3881 202 3934 Cic.
220 3879 252 3932 de
266 3879 327 3932 Flu.
340 3879 370 3945 l',
382 3879 424 3933 24.
437 3883 566 3950 cupidita·
605 3887 664 3948 post
677 3881 777 3934 Thesei
791 3882 929 3934 victoriam
941 3879 1009 3936 novo
1021 3884 1101 3966 plane

70 3948 256 4000 tumiucendiie
267 3947 448 4016 inflammatus.
605 3957 632 4001 et
652 3949 755 4018 quidem
783 3949 885 4003 lolicior
904 3955 976 4003 oetas
994 3949 1100 4006 initiunt

100 4013 160 4070 m.
177 4015 262 4068 eoacti
274 4017 359 4069 incolo
371 4017 448 4080 ltooi,
465 4013 568 4068 lllinor-
605 4023 713 4085 captura
727 4017 767 4072 sit.

70 4097 111 4154 aa,
124 4099 142 4140 e
153 4083 253 4153 templo
264 4082 455 4154 antiquissimo,
469 4099 521 4152 quo
532 4081 567 4138 il·
585 4119 588 4128 ·

762 4175 782 4230 8
