2604 4720
449 215 638 314 calonna
662 263 717 313 lv.

206 408 386 476 llluodumvo
403 413 544 491 nobilem,
563 377 754 478 lrorritlanno
776 413 947 496 Thraciam,

205 505 399 588 Propontida,
418 515 572 573 trucemve
590 511 747 576 Ponticum
769 512 885 589 sinum
908 525 945 574 *a

205 603 267 666 Ubi
286 604 355 681 iste,
375 611 446 686 post
463 606 618 684 Phaselus,
639 615 725 670 autea
749 607 807 670 fuit
1063 612 1102 670 lo

205 698 330 761 Comata
348 702 438 764 silva:
457 721 527 764 nam
547 703 671 783 Cytorio
690 705 724 766 in
742 705 813 784 iugo

204 793 360 875 Loquente
379 816 469 878 saepe
488 799 610 861 sibilum
630 800 725 862 edidit
746 819 841 862 coma.

134 964 140 974 ι
204 891 336 954 Amastri
350 891 485 970 Pontica,
504 900 537 956 et
556 895 669 975 Cytore
687 896 818 974 buxifer,

204 986 277 1048 Tibi
295 988 371 1049 haee
388 989 485 1052 luisse
504 996 536 1052 el
555 1011 624 1053 esse
642 993 846 1070 cognitissima

204 1081 258 1144 Ait
275 1081 437 1146 Phaselus:
456 1086 562 1148 ultima
581 1106 620 1148 ex
640 1088 756 1168 origine
793 1102 810 1163 l„

204 1178 273 1240 'liro
292 1181 414 1242 stetisse
433 1181 507 1244 dicit
524 1181 556 1244 in
577 1186 740 1261 cacumine,

203 1274 272 1336 'liro
291 1276 437 1338 imbuisse
455 1277 600 1358 palmulas
619 1281 652 1342 iu
671 1299 811 1361 aequore,

203 1371 246 1433 nt
262 1370 334 1432 inde
354 1377 400 1434 tot
417 1392 474 1454 per
492 1376 669 1457 impotentia
691 1377 770 1440 freta

196 1467 320 1562 ⁸Herum
339 1468 464 1546 tulisse;
482 1469 576 1548 laeva,
596 1473 661 1534 sire
680 1472 805 1534 dextera
830 1503 856 1568 up

201 1562 333 1628 Vocaret
351 1565 432 1642 auru,
451 1567 516 1628 siae
534 1573 693 1648 utrumque
712 1569 826 1650 Iupiter
1059 1569 1101 1628 20

202 1659 299 1721 Simul
318 1661 468 1724 secundus
488 1663 645 1726 incidisset
664 1665 696 1725 in
713 1665 841 1746 pedem3

94 1787 122 1842 8.
138 1789 418 1844 lllaodomuenola'lcm.
431 1790 562 1844 luithaee
600 1797 709 1854 cuntur3
733 1793 838 1844 Patron.
854 1790 882 1843 in
896 1790 985 1845 carm
1002 1807 1027 1845 v.
1038 1790 1100 1845 12⁰.

62 1857 150 1910 lnaulu
170 1862 198 1909 et
222 1857 339 1909 eiusdem
357 1857 470 1910 nominis
497 1862 561 1912 urlas
601 1862 697 1912 Mollia
714 1860 829 1912 discordi
853 1861 964 1928 strepitu
980 1860 1100 1927 virgulta

62 1925 218 1994 metropolis
236 1925 314 1979 Asiae
332 1925 443 1978 minoris
461 1933 561 1980 tumre
600 1928 787 1996 loquantur,
803 1926 851 1978 ubi
867 1927 1099 1979 dehaearbornm

62 1993 153 2046 navali
166 2001 193 2047 et
207 2001 365 2058 mercatura,
381 2011 461 2061 quaem
477 1997 562 2048 bona·
598 1997 701 2064 loquela
719 1997 797 2063 plura
812 1995 934 2064 exempla
957 2011 1101 2063 congesse-

62 2079 122 2112 ram
133 2061 283 2115 litterarum
292 2063 370 2115 laude
379 2071 406 2114 ot
437 2063 506 2117 loria
517 2081 561 2117 ce-
598 2072 660 2116 runt
672 2065 839 2131 Interpretea.

61 2129 255 2193 lebratissime3
271 2130 335 2182 hinc
343 2132 412 2198 apud
446 2131 561 2184 cratium
580 2148 581 2152 ¹
633 2131 674 2183 13.
692 2133 789 2184 Amnst.
804 2129 1022 2194 Pounnata-is,
1033 2132 1100 2183 urba

61 2214 168 2265 quoquo
187 2199 236 2251 0d.
254 2199 276 2260 1,
294 2197 320 2261 1,
339 2198 363 2248 l.
384 2206 494 2250 vocatur
512 2199 562 2253 illa
598 2199 800 2267 Paphlagoniae
818 2215 899 2267 propo
915 2204 1033 2250 montem
1046 2199 1100 2268 Gy-

62 2267 144 2318 clara.
164 2291 201 2305 --
225 2266 390 2318 horridomoc
415 2267 560 2325 llaruoiom.
598 2273 696 2332 torum,
715 2266 882 2334 qrrivdioitur
903 2267 1022 2332 lamisem
1044 2267 1100 2317 ole-

59 2333 223 2402 Pomponius
238 2334 312 2386 Mela
328 2335 363 2398 11,
376 2333 417 2386 2.=
446 2335 561 2389 Thracia
598 2343 694 2458 pariter
705 2335 776 2386 rdom
790 2335 859 2403 apud
870 2333 946 2403 Virg.
955 2334 1054 2454 Georpp.
1061 2335 1089 2386 11

61 2410 101 2454 est
112 2401 188 2484 regio
200 2419 247 2454 nee
259 2403 329 2454 coelo
340 2419 386 2454 nec
398 2403 452 2455 sole
461 2411 562 2460 tractu·
615 2403 657 2457 31.
674 2410 799 2456 vocatum
824 2403 927 2455 ondens
939 2403 1014 2469 aoso,
1049 2441 1055 2454 .
1072 2419 1097 2458 a.

60 2469 130 2535 lilia,
142 2471 292 2537 infecunda,
301 2469 418 2540 frigido.
598 2472 699 2525 obsitus
711 2473 791 2534 buxo,
803 2471 879 2524 cuius
896 2487 987 2523 comae
1001 2471 1043 2523 vol
1058 2471 1099 2522 lo-

93 2537 119 2589 o.
140 2539 265 2606 Propoot.
282 2569 314 2578 -
330 2539 479 2606 Propontis,
498 2555 559 2605 pars
596 2541 636 2593 lia
655 2539 775 2592 undatim
794 2539 939 2608 agitantur,
958 2537 987 2592 la.
1003 2542 1026 2592 e.
1045 2539 1099 2591 flu·
1134 2570 1138 2580 ι

60 2604 142 2658 maris
156 2605 226 2658 inter
238 2606 441 2675 Hellespontum
456 2613 483 2658 et
493 2608 561 2660 Bos·
597 2613 696 2662 cluant.

60 2690 157 2741 porum
170 2675 327 2740 Thracium:
341 2701 375 2716 -
390 2675 510 2727 Ponticos
523 2675 560 2728 ai-
630 2673 672 2728 15.
688 2675 783 2728 ultima
799 2691 830 2726 ec
849 2671 962 2743 origine,
983 2689 1015 2726 ex
1028 2672 1099 2726 auti-

60 2741 558 2864 tsttltfitlt’llttttt’
596 2742 971 2865 ttttiitstlillsstt?
987 2741 1097 2878 §llil

93 2877 218 2932 lo-lz.
239 2879 325 2932 laocm
343 2877 558 2934 venustissimus!
597 2879 674 2949 qussi
690 2896 766 2932 suam
787 2882 936 2947 propagant
955 2878 990 2930 od
1007 2884 1097 2945 poste-

62 2945 175 2999 Sensusa
204 2947 253 2999 Ubi
281 2950 387 3014 (nempe
403 2947 432 2999 in
448 2947 559 3016 regione
598 2966 658 3012 τινες
680 2946 744 2999 hino
765 2949 870 2998 calores
894 2954 1010 3000 notum
1026 2945 1097 2998 filia-

61 3013 184 3079 Pontice)
200 3015 257 3080 istc,
271 3010 317 3082 qui
336 3023 414 3068 actea
426 3015 519 3067 floruit
531 3014 559 3066 in
598 3033 710 3084 rumque
722 3013 1021 3084 nominoinsigniuutur.
1039 3013 1097 3064 flo-

60 3081 128 3137 silva
144 3081 271 3136 frondosa
290 3084 363 3149 (nam
383 3082 440 3134 eius
455 3083 560 3135 frondes
598 3089 648 3137 rat.
664 3083 713 3135 os.
730 3085 752 3148 l,
768 3079 867 3145 14‚11.
888 3082 1013 3146 Quamvis
1027 3081 1097 3132 Pon·

60 3155 186 3220 tanquam
200 3168 264 3204 voce
281 3149 426 3204 instructae
439 3167 517 3218 saepe
531 3151 560 3204 in
597 3154 651 3206 tica
664 3152 751 3221 pinos,
762 3151 850 3202 Silvae
856 3151 920 3216 filia
936 3149 1038 3213 nobilis,
1051 3149 1096 3201 lu-
1153 3163 1156 3172 ·

60 3217 124 3288 iugo
154 3217 263 3288 Cytorio
288 3218 426 3272 ediderunt
449 3219 560 3272 sibilum
598 3229 653 3274 cles
666 3225 923 3288 ctgcaaoaetnoancn
936 3217 1035 3270 inatile.

61 3283 243 3356 [ψιθῦρισμα]
256 3288 297 3339 vel
304 3287 465 3355 strepitum),
474 3289 559 3341 metus
631 3287 673 3342 18.
687 3291 762 3356 saeta
772 3286 935 3353 impotentia,
946 3291 1078 3339 aestuosa.

61 3361 88 3408 ct
107 3361 275 3409 constructus
294 3364 389 3424 postca
409 3362 449 3407 est
464 3355 560 3424 phaso-
630 3354 1093 3418 19-21.laeua,aioedexteracoo.

59 3423 109 3476 lus.
122 3451 157 3466 -··
173 3423 279 3491 Cytorio
291 3425 319 3476 a'o
332 3424 404 3492 iugo.
417 3439 492 3475 mons
505 3423 558 3494 cy·
597 3425 710 3478 Sensus:
728 3421 784 3475 sive
795 3428 913 3475 ventosa
926 3421 995 3474 coeli
1005 3421 1094 3490 regio-

60 3491 144 3546 torius
158 3490 226 3544 situs
238 3490 316 3544 estin
331 3491 523 3561 Paphlagonis.
597 3509 631 3544 ne
647 3491 814 3560 uolnerum,
831 3489 887 3541 sivo
905 3490 938 3543 nal
960 3489 1093 3541 dexteram

90 3560 135 3613 11.
156 3561 266 3613 Corneto
283 3561 360 3624 ailoe,
384 3577 436 3612 non
456 3566 559 3613 tantum
590 3558 955 3630 *adspiraretaivasecundus
970 3558 1093 3624 (Iupiter)

58 3627 90 3680 de
104 3629 227 3697 plurium
240 3629 366 3680 arborum
377 3626 447 3680 inter
461 3646 489 3680 ae
499 3627 559 3680 iuu-
597 3636 690 3680 ventus
706 3628 741 3680 ab
765 3632 876 3693 utroque
892 3625 962 3679 coeli
983 3624 1094 3693 regiona

58 3703 163 3750 etatum
173 3695 259 3764 copia,
271 3695 316 3747 sed
329 3695 410 3748 etiam
423 3695 455 3747 de
467 3696 560 3766 singu-
597 3696 678 3749 simul
686 3695 726 3747 itu
737 3693 903 3762 suspirasset,
917 3693 1019 3746 utmilri
1028 3692 1095 3743 lice·

57 3763 91 3816 lis
105 3764 265 3828 arboribus;
286 3763 341 3816 iam
361 3763 393 3814 oo
406 3763 480 3832 pinu,
491 3781 560 3832 quse
596 3769 638 3817 ret
657 3770 803 3816 extremam
821 3763 874 3814 veli
886 3767 987 3830 partem
1000 3757 1096 3811 utrim-

58 3833 157 3888 alicitur
169 3840 281 3898 amunta,
294 3831 357 3913 quia
370 3830 427 3882 eius
439 3833 503 3885 lolio
515 3851 559 3886 eo-
596 3832 715 3951 pueluno
723 3833 860 3884 attractum
868 3829 1004 3912 tumluavo
1013 3843 1094 3895 quum

57 3918 158 3954 marma
172 3903 229 3954 tere
242 3916 357 3968 speeiem
367 3899 492 3952 tolerunt.
532 3951 534 3960 ,
614 3907 704 3954 extero
717 3899 819 3966 phaseli
829 3899 910 3950 luten
920 3901 1060 3949 annectere
1066 3899 1094 3949 ot

90 3967 135 4022 12.
153 3971 328 4037 Loquento-
338 3984 418 4021 como.
438 3967 503 4022 lolia
514 3983 559 4022 ar·
596 3968 718 4037 alligare,
731 3973 758 4020 et
769 3966 822 4017 hoe
834 3969 887 4018 csta
905 3971 1093 4046 ctwmpucpe-

57 4037 166 4102 borum,
186 4052 248 4090 cum
262 4041 342 4090 vento
362 4035 399 4090 im
419 4036 478 4088 ulae
492 4043 559 4089 stra·
596 4037 761 4102 nonfacere,
773 4041 880 4102 utroque
890 4033 966 4106 pede,
983 4049 1047 4095 srve,
1062 4036 1094 4084 ut

58 4112 135 4174 punt,
153 4121 248 4161 vocam
263 4101 343 4159 ctera
366 4053 417 4159 ref
428 4103 498 4173 lopo·
518 4103 559 4158 oi·
597 4098 1094 4176 cumvirgilioloquoattculv,58'l.)‚
