2604 4720
304 1277 306 1280 .
379 1085 815 1252 ruossano.

505 1429 693 1446 Q

75 1623 293 1754 Rationem
317 1673 467 1764 aliquam
490 1675 589 1746 reddi
644 1683 666 1746 'o
692 1678 737 1748 de
759 1701 823 1750 usu
846 1679 1028 1772 fluctuque
1046 1682 1119 1772 otii,

76 1777 315 1850 bellissimi
354 1778 463 1865 illius,
514 1683 830 1952 mm
868 1786 1118 1854 senectutis

76 1879 313 1975 praesidii,
358 1880 495 1948 brevem
529 1881 616 1950 mihi
647 1884 779 1952 benevo
836 1884 982 1954 lectores
1015 1909 1119 1977 prae-

75 1986 181 2052 beant
204 1980 421 2049 audientiam.
471 1983 528 2078 Ex
559 2005 601 2050 eo
631 1985 713 2056 inde
736 1995 913 2076 tempore,
946 2009 1016 2076 quo
1042 1987 1118 2056 Ca-

75 2083 186 2154 tulli
209 2082 410 2156 Carmina
434 2085 659 2174 qualicunque
680 2110 758 2155 mea
776 2109 884 2178 opera
902 2087 1036 2157 edenda
1056 2087 1141 2158 cu-'

74 2189 164 2274 rasi,
191 2187 437 2278 quinquaginta
453 2187 561 2254 ferme
582 2189 662 2255 amri
679 2190 936 2280 praeterierunt.
985 2191 1118 2280 Itaque,

74 2289 237 2385 numiam
253 2297 331 2355 ante
343 2288 460 2378 plnres
479 2311 584 2356 annos
600 2292 713 2358 omnia
726 2299 862 2359 curatae
877 2315 966 2360 ame
979 2291 1118 2360 Editio-

75 2394 130 2462 nis
144 2389 274 2459 Catulli
289 2391 447 2480 exempla
468 2391 642 2459 divendita
657 2401 786 2479 essent,
812 2393 959 2481 filerunt,
985 2395 1044 2484 qui
1062 2417 1118 2464 me

75 2495 121 2562 ad
134 2494 235 2561 huius
250 2500 376 2583 poetae
391 2490 548 2560 Carmina
562 2492 605 2560 de
619 2495 755 2588 integro
777 2494 910 2563 edenda
924 2497 1118 2566 excitarent.

73 2599 197 2685 Neque
218 2593 256 2662 id
271 2595 405 2662 frustra.
449 2595 515 2663 Est
536 2597 626 2664 enirn
642 2621 663 2664 a
679 2607 799 2664 natura
819 2597 892 2665 fere
912 2599 1011 2666 nobis
1034 2599 1118 2667 insi-

73 2709 149 2766 tum
163 2695 249 2783 hoc,
282 2705 320 2762 nt
340 2717 409 2763 non
431 2698 541 2765 solum
559 2721 616 2784 ea,
642 2722 729 2787 quae
751 2699 835 2766 olim
856 2701 953 2768 nobis
969 2710 1068 2793 grata
1083 2708 1118 2768 et
1156 2687 1163 2696 ’

72 2799 224 2869 incunda
236 2799 383 2884 fuerunt,
403 2798 561 2867 lubenter
573 2801 685 2867 animo
699 2810 913 2891 repetamus,
940 2803 1118 2870 sedetiam

72 2912 113 2972 ut
128 2902 238 2970 nriuus
255 2908 347 2967 recte
367 2901 498 2968 anobis
517 2903 692 2969 intellecta
708 2913 742 2970 et
757 2902 940 2970 diiudicata
952 2913 1118 2972 retracta-

71 3027 111 3073 re
126 3004 313 3095 cupiamus.
347 3000 435 3069 Cum
448 3003 552 3094 igitur
567 3005 611 3071 ad
625 3005 872 3072 retractandam
888 3002 1016 3073 Catulli
1028 3006 1116 3073 Edi-

71 3109 204 3174 tionem
220 3105 368 3172 animum
383 3106 606 3196 appulissem,
630 3128 834 3196 manumque
844 3105 895 3174 rei
914 3107 982 3174 iam
995 3107 1117 3176 admo-

73 3210 216 3293 vissem,
242 3215 313 3273 tam
334 3207 442 3274 multa
475 3207 705 3276 offerebantur
724 3209 781 3278 vel
802 3207 961 3275 delenda‘
979 3209 1037 3278 vel
1050 3211 1116 3276 irn-

70 3310 238 3380 mutonda
252 3309 316 3376 sel
335 3310 457 3376 rectius
481 3311 726 3397 constituenda,
751 3319 791 3378 ut
810 3309 885 3377 fieri
900 3333 970 3379 non
986 3319 1115 3404 posset,

73 3415 159 3505 quin
174 3434 262 3479 nova
277 3411 383 3502 plane
398 3408 526 3478 Catulli
545 3413 699 3502 prodiret
714 3411 843 3480 Editio.

176 3513 242 3581 Est
263 3521 376 3580 autem
392 3535 411 3580 a
425 3535 480 3581 me
494 3514 648 3581 instituta
662 3510 748 3581 ratio
761 3513 868 3581 haec:
899 3515 990 3584 Ante
1004 3513 1118 3581 omnia

72 3615 282 3708 farraginem
305 3614 482 3683 Verianum
503 3616 705 3684 Lectionum
725 3616 860 3701 sustuli,
900 3617 980 3706 quia
1011 3616 1049 3684 in
1074 3615 1117 3683 iis

73 3719 208 3786 formae
231 3715 437 3784 exhibentur
452 3725 522 3786 tam
535 3718 716 3804 informes,
741 3727 780 3785 ut
794 3719 899 3786 risum
910 3719 1026 3808 potius
1040 3738 1117 3783 rno-

73 3827 196 3904 veant,
231 3839 333 3908 quam
354 3816 399 3884 ad
426 3818 546 3887 vitium
573 3820 714 3911 aliquod
734 3819 958 3912 retegendum
979 3820 1115 3886 ducant.

73 3921 122 3989 At
136 3920 315 4011 idemego
340 3919 378 3986 in
397 3919 481 3988 loeis
505 3920 615 3990 dubiis
634 3923 692 3991 vel
707 3930 825 4013 aperte
840 3921 1008 4012 corruptis
1022 3917 1119 3988 haud

75 4021 217 4115 neglexi
240 4021 276 4088 iu
299 4022 388 4088 notis
409 4021 564 4112 proferre
588 4022 846 4110 conlectiones,
872 4023 1028 4113 equibus
1042 4019 1121 4090 elici

76 4125 226 4194 fortasse
246 4131 366 4216 posset
385 4145 466 4192 vera
486 4125 607 4212 lectlo;
640 4125 893 4196 emendationes
911 4144 1011 4213 uero,
1034 4125 1120 4215 quus
