2604 4720
216 277 243 348 A
457 329 460 332 -
496 299 529 348 c.
561 297 750 364 vnnunu
783 295 978 346 coroner

356 453 397 514 At
415 450 500 513 vobis
522 449 601 514 maie
621 449 671 526 sit,
691 449 788 512 malae
807 445 950 511 tenebrae

355 547 438 623 Orci,
458 566 535 625 quae
554 545 654 608 omnio
672 547 753 607 bella
775 545 942 608 devoratis!
1097 501 1189 639 o

354 644 432 706 'l'am
450 642 563 710 bellum
579 641 659 702 'mihi
678 659 834 721 passerem
853 639 1030 702 obstulistis.
1216 642 1252 700 15

356 739 383 800 0
402 738 516 800 factum
535 737 630 799 male!
672 735 698 797 0
717 737 835 798 miselle
854 755 970 819 passer,

308 857 313 867 ·
354 834 422 896 Tua
439 852 519 896 nune
539 853 631 914 opera
649 852 735 894 meac
756 832 878 914 puellae

355 931 474 995 Fieudo
492 929 636 1012 turgiduli
654 931 763 992 rubent
782 929 883 996 oeeflt

445 1257 448 1264 Δ
518 1145 847 1218 GARMEN
890 1145 955 1216 iv.

420 1289 752 1346 ncnrcsuro
785 1287 1048 1344 sursunt.

356 1409 502 1472 Phaselus
520 1409 582 1486 ille,
603 1429 693 1490 quem
712 1407 832 1483 videtis,
852 1407 1000 1505 hospites,

357 1508 410 1569 Ait
426 1505 524 1568 inisse
542 1506 662 1567 nuvium
681 1504 866 1580 celerrimus,
1052 1515 1054 1520 ·

285 1633 288 1650 ·
357 1600 464 1680 Neque
481 1601 572 1662 ullius
590 1601 719 1662 nutantis
737 1601 884 1680 impetum
902 1598 996 1662 uubis

285 1733 342 1768 s·
355 1695 507 1776 Nequisse
526 1698 701 1777 praeterire,
722 1697 787 1758 sive
806 1693 945 1775 pulmulIs

358 1791 444 1873 0pus
464 1793 545 1854 foret
562 1793 674 1870 volare,
694 1793 758 1853 rive
776 1792 881 1852 linteo.

357 1887 399 1950 Et
417 1889 477 1950 hoc
495 1893 586 1968 negat
602 1890 728 1950 minatis
747 1886 893 1949 Adriatici

359 1983 478 2064 Negnre
496 1985 579 2064 litus,
597 1985 750 2048 insulasve
769 1982 926 2065 Gyeledas,

220 2223 604 2367 {izttcoctictt
619 2231 719 2366 tet
757 2215 1258 2350 institissent:

710 2336 718 2352 ⁸
813 2337 821 2362 7

224 2365 719 2434 Oumoemclcett.—qoaeomniatel-
758 2366 876 2432 vitatem,
898 2381 977 2432 quum
1001 2371 1078 2433 paret
1106 2364 1258 2417 iamborum

221 2432 249 2484 lo
260 2432 400 2484 devoratis.
415 2432 538 2485 similiter
548 2435 634 2485 venus
647 2451 720 2486 mor·
758 2449 887 2500 purorum
900 2433 1026 2485 decursus
1043 2431 1258 2486 iucundissimus.

220 2503 277 2562 tem
292 2499 419 2553 Adonidis
436 2501 535 2553 deflens
554 2501 624 2570 apud
641 2502 719 2556 Bion.
791 2500 817 2554 2.
836 2501 880 2552 Ait
886 2503 929 2566 sn.
943 2519 1003 2554 noo.
1014 2502 1170 2564 celerrimus,
1182 2515 1260 2568 gree-

220 2567 301 2636 ldyll.
318 2568 340 2634 l,
355 2565 397 2622 55.
418 2565 450 2622 cd
465 2567 496 2624 dl
515 2569 573 2623 πᾶν
592 2569 678 2624 καλὸν
691 2569 720 2633 ἐς
759 2585 791 2620 en
810 2569 971 2620 constructio
987 2586 1050 2636 pro:
1074 2585 1103 2621 se
1119 2565 1204 2621 fuisse
1218 2585 1259 2620 ce-

220 2632 251 2690 o‘s
269 2635 408 2708 καταῤῥεῖ.
429 2637 512 2690 etsie
532 2636 610 2691 Ovio.
629 2639 719 2693 Amor.
758 2636 905 2688 let-nimum.
939 2637 1034 2688 Horat.
1043 2637 1126 2705 Epist.
1139 2635 1164 2700 l,
1178 2637 1205 2700 7,
1218 2635 1260 2688 22.

221 2703 257 2767 Π,
269 2705 296 2768 6,
308 2703 350 2759 39.
365 2704 398 2756 de
412 2711 498 2757 morte
506 2705 624 2772 psittaci:
646 2707 722 2776 Opti·
764 2705 810 2756 Vir
820 2706 898 2756 donas
910 2711 937 2756 et
947 2705 1050 2772 sepiens
1064 2705 1153 2772 dignis
1167 2707 1215 2758 uit'
1224 2721 1261 2756 ce·

221 2789 266 2823 sne
283 2789 395 2840 quaeque
404 2775 465 2840 fere
479 2775 598 2826 menites
611 2777 722 2844 rapian-
760 2789 787 2824 se
797 2778 951 2840 paratus.
977 2771 1050 2838 Virg.
1068 2773 1132 2824 Aen.
1147 2773 1187 2839 11,
1202 2771 1260 2826 dii.

222 2841 376 2894 menoccle.
712 2869 715 2876 »
760 2839 1162 2908 sensitdelapeuoa'nitoetee.
1225 2875 1228 2883 ·

256 2907 299 2960 17.
328 2909 386 2960 (lim
403 2925 492 2976 opere,
508 2913 556 2964 tun
573 2925 664 2973 causa,
686 2911 722 2963 ob
794 2905 884 2958 3-5.
903 2907 991 2974 Neque
1008 2907 1086 2958 allius
1104 2911 1169 2960 cett.
1189 2913 1262 2962 etse

223 2981 299 3030 tuam
317 2983 444 3039 mortcm3
468 2977 539 3045 quod
557 2977 588 3030 tit
604 2995 653 3044 per
670 2977 723 3030 eli·
761 2974 879 3043 potuisse
890 2973 1096 3042 uniuscuiusque
1106 2975 1184 3028 navis
1195 2977 1263 3029 celc-

223 3045 415 3113 quernvelpcr
428 3045 538 3112 aliquid,
551 3045 579 3098 id
592 3047 648 3100 des
662 3063 723 3116 ope·
760 3043 868 3096 ritatem
893 3059 1018 3110 superare
1044 3051 1099 3096 tem
1122 3059 1262 3096 murorum

224 3129 258 3165 re
268 3113 368 3166 iactum
380 3129 438 3166 esse
448 3113 553 3168 dicitnr.
761 3127 851 3193 quam.
864 3111 984 3162 velorum
1004 3127 1063 3194 usu.
1085 3138 1119 3151 --
1141 3115 1263 3195 pnlmnta

374 3227 504 3283 cren
528 3230 574 3283 1v.
761 3185 1265 3316 ttttttttittttttttfflt

261 3311 395 3376 Placetne,
423 3313 550 3367 navicula
567 3311 675 3382 longior
697 3319 726 3369 et
761 3331 817 3370 mo.
832 3343 868 3353 -
888 3317 988 3370 colere.
1015 3317 1089 3370 navis
1112 3317 1263 3371 concitatus

225 3395 305 3432 cursu
318 3378 444 3446 velocior,
461 3383 546 3436 dictus
561 3382 672 3436 itaesse
685 3383 725 3435 vi·
764 3399 857 3435 cursus
884 3384 929 3435 vel
950 3383 1063 3452 impetus
1091 3393 1265 3452 comparatur

226 3447 303 3500 detrun
316 3447 465 3516 slongiore
475 3448 723 3520 formalegurninis,
761 3451 937 3514 convolutae
949 3452 1263 3522 et.Virg.sen.111,1to.

225 3515 296 3583 qued
306 3532 354 3568 nos
365 3515 476 3568 dicimus
487 3519 529 3570 dic
538 3519 669 3570 tdrlciscite
681 3519 723 3571 od.
761 3525 789 3571 et
804 3518 902 3587 passim
917 3519 999 3584 atton
1023 3527 1050 3574 et
1068 3520 1107 3574 sie
1125 3517 1263 3576 πέτεσθαι

227 3583 437 3636 Schmintdolma.
470 3585 523 3637 lile
536 3586 724 3655 igiturphase·
761 3587 832 3654 apud
842 3587 967 3642 Graecos.

224 3649 278 3719 lus,
296 3657 435 3720 postquem
449 3651 565 3718 labores,
585 3671 651 3734 pnes
669 3655 724 3706 huc
795 3654 821 3708 o.
836 3663 919 3724 negot
936 3673 1044 3726 engere,
1063 3655 1109 3720 ait,
1121 3655 1264 3710 confirmat

223 3719 292 3772 illuc
302 3719 454 3788 navigando
466 3722 660 3784 exentiaunset,
670 3738 724 3774 non
761 3722 862 3776 testari.
872 3751 908 3761 -·
921 3726 1039 3790 minaeis,
1049 3723 1139 3776 infesti
1147 3726 1184 3777 ol)
1198 3731 1265 3780 tenr-

226 3787 284 3840 aine
291 3788 382 3856 gloria
393 3788 535 3853 enarravit,
548 3806 617 3841 nune
631 3788 665 3841 iis
677 3789 723 3840 de-
761 3795 892 3858 pestutum
914 3792 1009 3848 mines.
1050 3792 1190 3858 Adriatici,
1218 3811 1266 3863 per

225 3855 315 3920 tritus,
327 3857 470 3921 coniectus,
483 3857 724 3924 etqudsisseuexo-
761 3874 836 3910 mere
854 3859 1018 3913 Adriaticum
1034 3859 1156 3929 intellige
1174 3861 1265 3914 sinum

226 3921 311 4004 lepnui
335 3940 410 3977 more
432 3929 559 3991 tanquam
588 3917 683 3994 ἄνᾶθη
761 3925 844 3979 merie
859 3927 1049 3983 Mediterranei
1063 3927 1133 3981 inter
1153 3928 1265 3985 ltaliam

225 3989 365 4044 Dioscuris
383 4009 411 4044 se
426 3999 568 4047 consecret.
608 3993 673 4047 Miri
693 4010 724 4046 ee
762 4000 789 4048 et
803 3995 951 4051 iliricum.

224 4062 315 4112 enom
326 4059 438 4116 deiectat
451 4061 531 4114 nutus
544 4061 669 4114 carminis
681 4062 721 4114 ie·
793 4061 820 4117 t.
837 4063 969 4120 insonae
978 4063 1107 4134 Cyclados
1119 4064 1207 4122 maria
1216 4066 1267 4122 Ao·

224 4125 288 4190 ctio,
306 4143 358 4180 non
377 4128 465 4182 solum
486 4131 522 4183 ob
539 4145 605 4196 rem,
622 4128 724 4198 insigni
761 4129 831 4200 geel.
