2624 4722
452 280 639 332 dudm
662 282 747 332 Ul·

358 432 492 500 aterno
509 433 592 498 reiut
610 433 728 500 urbm

277 527 397 612 Myrtus
417 531 488 606 Asia
505 532 638 607 ramulis,
748 563 751 570 ·

276 627 360 704 Quos
379 626 606 708 Hamadryades
624 626 709 692 Deae

276 722 440 785 hodierum
459 724 519 786 sibl
535 723 658 788 roscido

275 817 418 882 Nutriant
434 819 571 884 humore.

356 915 457 992 Quare
476 934 542 996 age,
560 911 621 978 hue
641 914 755 980 aditum
773 912 876 980 iereus

274 1009 372 1092 Perge
390 1011 525 1091 linquere
543 1011 697 1093 'l'heapbe

274 1105 371 1188 Rupis
389 1108 502 1171 Aenios
522 1127 642 1188 specus,

274 1199 413 1284 Lympha
432 1222 508 1283 quos
527 1221 619 1285 super
637 1203 748 1286 iarlgat

273 1296 435 1380 Frigerans
453 1301 625 1382 Aganipper

350 1395 399 1458 Ad
419 1397 541 1460 demum
560 1397 713 1458 dominam
732 1412 816 1474 roca,

275 1488 418 1572 Coniugis
439 1493 577 1574 cupidam
597 1493 678 1570 novi,

274 1583 410 1648 Mentem
430 1608 532 1650 amore
550 1589 729 1665 revinciens,

273 1682 316 1744 Ut
335 1689 425 1748 tenax
443 1685 558 1748 hedera
576 1685 637 1747 hoc
657 1690 689 1746 et
706 1685 768 1748 huc

273 1778 420 1843 Arborem
438 1783 574 1865 implicat
593 1800 705 1844 maus.
1073 1785 1114 1845 35

106 1937 241 1995 al-at.
271 1925 385 1996 lloridis
410 1945 482 1998 celat
511 1947 572 1997 cett.
612 1942 646 1994 do
660 1941 819 2011 adspargit).
839 1943 959 2012 Lympha
977 1943 1115 2014 Aganippe

69 2006 187 2062 &usust
209 2010 279 2064 lulia
298 2011 365 2064 uitet
383 2019 410 2065 et
430 2011 574 2065 etflorescit
612 2028 661 2078 pro
672 2011 793 2079 volgarit
822 2011 936 2080 lympha
952 2012 1115 2093 Aganippea.

69 2077 268 2144 sicatmyrtus,
284 2096 363 2147 quam
375 2081 574 2150 Hamadryades
612 2081 666 2132 Pro
693 2080 799 2148 lympha
829 2087 891 2134 suut
930 2079 977 2146 qui
1004 2081 1114 2133 malrutr

69 2146 164 2198 foreat
183 2147 365 2216 ueniantque,
390 2155 421 2202 ut
445 2150 494 2201 sub
515 2149 573 2201 eiua
614 2147 742 2215 Nympha.

71 2213 158 2265 remia
174 2213 230 2266 sive
246 2218 342 2269 umbra
353 2217 485 2270 hilaritati
494 2222 521 2269 et
532 2217 574 2268 lo·
646 2215 688 2268 31.
706 2216 759 2266 Pro
773 2215 816 2279 Ae,
837 2214 908 2281 quod
922 2214 1003 2282 friget
1018 2214 1045 2267 io
1060 2213 1114 2267 bac

71 2280 149 2334 sibus
159 2281 442 2352 indulgeant-Ario,
452 2283 574 2355 intellige
612 2282 763 2336 incitaticre
769 2282 896 2348 oratione,
902 2283 963 2336 dedi
972 2285 1032 2347 Ad3
1051 2283 1116 2336 sim·

73 2352 166 2403 Acium
177 2353 300 2420 paludem
313 2352 341 2404 in
355 2353 449 2423 Lydia,
464 2353 575 2423 ragione
613 2353 718 2422 pliciter
739 2351 811 2405 caim
834 2370 934 2405 accere
952 2353 1053 2404 domam
1074 2355 1116 2404 est

71 2417 155 2472 Asiae
165 2420 200 2472 ad
212 2421 363 2490 Caystrum,
383 2423 431 2475 obi
443 2423 492 2474 tuit
504 2440 575 2490 mm·
613 2438 710 2474 vocare
721 2421 847 2489 aliquam,
860 2431 890 2477 ut
898 2421 1005 2474 domum
1014 2421 1115 2484 redeat,

72 2493 162 2540 tetum.
170 2517 203 2528 -
217 2490 391 2556 (lumper-atur
403 2490 576 2544 autem-Iulia
612 2507 754 2554 revocara3
766 2488 993 2542 atloliuooodum
1003 2489 1029 2540 in
1037 2506 1117 2557 sporr-

73 2561 222 2624 uppertune
248 2573 311 2609 cum
334 2566 427 2627 myrto,
448 2558 510 2626 quia
527 2559 576 2612 illa
614 2557 638 2612 si
654 2559 733 2611 demo
749 2557 898 2621 habitabat,
924 2557 971 2609 aed
990 2558 1116 2626 primum,

72 2631 105 2675 ut
122 2640 217 2693 sponsa
229 2643 300 2678 nunc
312 2628 434 2694 gestabat
446 2627 576 2680 corollam
613 2634 644 2678 ut
653 2627 694 2679 ihi
707 2627 852 2688 habitaret,
866 2627 901 2678 ed
911 2643 970 2678 earn
978 2627 1116 2693 pergebat.

72 2694 576 2816 h‘ttlott‘ttttttzttltht
613 2692 1117 2816 ltlfflttttttnttiffttt:

72 2829 190 2896 pectoris
222 2832 323 2884 amicus
357 2833 576 2886 Mitachartichiua
613 2849 682 2884 acm.
707 2832 795 2899 lepide
815 2839 870 2883 tem
895 2831 1009 2898 puellae,
1035 2845 1116 2896 quam

73 2897 108 2950 ad
121 2898 220 2967 llymu.
228 2899 257 2952 io
266 2901 390 2952 Cererem
401 2920 426 2971 p.
434 2901 491 2954 116.
502 2919 576 2954 com-
614 2908 752 2952 matrooae
769 2899 892 2951 dicuutur
907 2899 1034 2960 deminae,
1052 2897 1116 2963 quia

109 2971 152 3018 rat
170 2967 303 3036 Aristoph.
322 2970 387 3021 arv.
405 2986 431 3021 v.
451 2969 527 3022 1099.
541 2997 574 3010 -
613 2968 704 3031 ineos,
716 2968 976 3036 aquibuaamantur,
989 2972 1116 3030 tanquam

73 2981 224 3103 'Redimens
235 3043 265 3089 ot
273 3038 576 3108 habereotllamadrya·
614 3037 747 3090 serviliter
758 3036 812 3090 sibi
825 3035 951 3099 addictos,
972 3032 1116 3101 imperium

73 3102 121 3153 des
148 3119 289 3158 amoenum
316 3113 343 3158 et
363 3107 517 3158 umbrosum
536 3109 577 3160 lo-
615 3111 746 3158 exercent.

74 3187 146 3234 curu,
156 3189 208 3240 quo
222 3174 351 3226 luderent.
365 3203 398 3214 -
414 3177 515 3228 ceadda
528 3177 577 3228 ha·
649 3174 684 3226 33
694 3169 772 3226 -35.
786 3173 899 3225 Mentem
906 3169 1115 3223 rwiocieaacett.

73 3256 156 3302 more,
173 3257 232 3308 pror
251 3241 448 3306 rorishumore,
461 3243 578 3296 saleim·
616 3245 730 3296 Sensus:
745 3243 807 3292 dum
816 3246 1117 3306 mentemspousaecum

60 3307 182 3376 pldtiter
200 3326 262 3377 pro:
279 3327 348 3365 rore.
383 3312 453 3364 Plio.
469 3311 576 3375 1x‚le.
615 3317 705 3364 mente
727 3309 816 3377 apooai
844 3308 957 3360 tirmiter
980 3305 1069 3376 iungis
1089 3312 1117 3358 et

77 3377 350 3432 remenuranda
370 3381 476 3434 humere
489 3381 579 3433 cioca·
616 3378 793 3448 cooglutinaa,
813 3393 889 3428 more
905 3375 1029 3439 hederae,
1047 3391 1117 3442 quae
1145 3411 1149 3424 .

74 3452 122 3498 tea.
615 3447 743 3499 bucilluc
754 3461 862 3514 carpene
876 3445 976 3498 mutuis
988 3442 1118 3511 amplexi·

106 3512 200 3567 ΖΗΘ.
221 3515 350 3584 lhespiae
362 3517 592 3586 ldop.Aeo.apec.·
616 3517 667 3570 bus
681 3514 785 3567 arbaris
799 3522 893 3567 trunco
909 3514 1069 3582 implicatur.
1082 3537 1117 3552 ·-

73 3581 243 3647 Heliconem,
260 3585 308 3652 qui
328 3585 390 3638 iode
410 3602 427 3638 a
444 3585 579 3653 Thespiis,
616 3585 719 3640 Natura
727 3582 851 3648 hederae,
861 3584 964 3636 arboris
973 3579 1116 3634 truncerel

73 3651 143 3704 urba
159 3651 295 3718 Boeotiae,
316 3652 345 3706 iu
362 3655 448 3707 altum
467 3669 579 3724 surgere
617 3652 665 3708 alii
686 3653 726 3705 rei
744 3653 864 3706 obiectae
882 3668 940 3704 sese
961 3646 1116 3716 applicantis

73 3717 128 3772 luci
146 3718 177 3773 it.
618 3728 645 3776 et
662 3721 792 3775 tenaciter
809 3720 837 3773 ei
858 3718 1036 3780 adhaerentis,
1057 3731 1118 3782 paa-

106 3737 150 3841 d
165 3788 208 3842 dd.
227 3789 348 3858 bympha
359 3808 422 3860 poor
440 3794 501 3844 cett.
518 3789 580 3844 iuo-
618 3791 669 3874 aim
680 3791 857 3844 manalataeat
868 3789 1015 3870 aduramus
1026 3799 1118 3836 omau-

73 3859 582 4010 Qiossihiiihhiihdiffiil
618 3853 1118 4004 {tton'tlot'tth‘fttt

71 3997 214 4064 Ingeram
231 3995 330 4063 (aquae
349 4011 415 4049 suae
425 3995 583 4065 irigerere·
619 3994 820 4060 od.1,uu‚au.
840 3992 1006 4046 Damalin-
1027 3991 1120 4043 lamet-

74 4065 193 4129 ereaaa),
215 4081 294 4132 saper
314 4065 450 4133 (desuper,
469 4080 486 4116 e
503 4079 583 4132 rapa»
619 4066 662 4117 eia
678 4065 780 4117 aeden
799 4061 969 4125 ambitiosior,
984 4064 1019 4114 ,et
1035 4057 1119 4126 llped.

73 4129 149 4186 aiere
157 4131 218 4201 iugi
228 4133 304 4202 loca)
316 4135 419 4205 instigat
432 4131 583 4202 (destillaur
621 4132 678 4198 XV,
687 4129 713 4186 ⁵.
733 4133 767 4185 cl.
780 4132 892 4200 lotaepr.
901 4128 937 4182 ad
946 4129 976 4182 lu.
986 4127 1008 4182 l.
1018 4157 1053 4174 ··-
1072 4127 1118 4182 aa·
