2604 4720
413 263 598 314 (inludit
637 263 747 314 Vult

186 407 338 480 'Furtivos
356 415 514 480 homnium
532 416 636 480 vident
653 435 783 497 umores,

197 513 275 576 Tem
292 518 325 575 te
343 512 428 576 husie
446 513 539 578 multe
556 513 675 576 besiere

197 601 320 672 Vesano
339 610 412 671 sotis
433 615 465 672 et
483 628 575 690 seper
594 608 713 672 (intelle
731 615 808 688 est,⁴

196 705 283 783 Quae
299 723 357 768 nee
375 723 589 787 pernumerare
607 705 720 768 curiosi
868 746 872 776 2
909 747 910 750 =

198 800 330 882 Possint,
350 819 408 866 nee
426 802 506 866 mele
524 801 673 866 ieseinere
690 802 799 884 lingue.
860 823 861 830 ¹

333 1016 677 1095 ΟΑΒΜΕΝ.1
701 1023 819 1095 vlu.

399 1164 462 1220 no
496 1163 759 1232 suissuis

118 1281 217 1346 Miser
234 1283 362 1362 (intelle,
382 1282 502 1347 desines
522 1285 662 1366 ineptire,
686 1288 693 1346 l

118 1379 171 1456 ut,
191 1379 272 1461 quod
291 1380 376 1442 vider
396 1381 524 1462 perisse,
543 1381 696 1463 perditum
716 1381 819 1449 durus.

118 1475 247 1539 sunere
265 1476 415 1557 quendem
434 1477 555 1540 eundidi
572 1477 631 1538 tibi
650 1477 743 1557 soles,

120 1572 199 1635 (lum
217 1565 393 1648 ventiteben'
414 1591 473 1652 qno
491 1573 594 1655 puelle
614 1573 743 1636 dueebet

118 1669 226 1732 Amnis
243 1671 342 1746 nobis,
362 1675 505 1750 quantum
525 1661 672 1731 amabitur
689 1669 781 1732 nulle.

119 1765 166 1829 lbi
183 1765 235 1826 ille
254 1766 349 1828 multo
367 1771 429 1830 tom
447 1768 552 1829 ieeose
577 1768 699 1841 debent,
724 1774 729 1786 '

119 1861 207 1940 Quee
225 1867 259 1922 tu
278 1862 411 1938 volebas,
430 1881 489 1924 nee
507 1863 606 1944 puelle
626 1861 758 1926 nolebat.
791 1896 796 1904 ·

118 1957 338 2022 uouemere
357 1959 477 2021 enndidl
496 1961 552 2020 tibi
571 1959 663 2022 soles.

120 2053 209 2118 Nune
227 2055 288 2116 iem
307 2055 364 2118 ille
377 2074 439 2118 non
457 2055 535 2122 vult:
554 2061 589 2118 te
606 2072 738 2135 quoque,
759 2051 922 2133 impotens,
941 2053 1020 2130 uoli;

94 2212 138 2268 1⁰.
161 2213 270 2277 Verane,
286 2212 425 2282 emerissi
438 2215 472 2267 nd
485 2230 562 2268 vesn·
599 2211 655 2266 loe'
666 2213 744 2281 Ignes
755 2209 902 2264 interiorem
914 2211 1101 2266 edoolmedul-

61 2281 134 2337 etun
147 2280 250 2346 ednete,
258 2281 356 2334 furenti
367 2299 432 2350 pree
444 2299 543 2336 amore.
579 2309 583 2318 =
601 2283 662 2346 lero,
677 2289 704 2333 et
715 2279 754 2332 sio
766 2279 843 2343 XLV,
854 2278 895 2332 21.
919 2283 1001 2332 Unam
1013 2282 1100 2351 Septi-

94 2350 137 2403 11.
149 2348 193 2402 12.
211 2350 314 2416 eurieei,
332 2350 504 2420 pernoscendi
516 2369 563 2405 eu·
600 2351 668 2403 mles
691 2349 843 2401 misellae
868 2349 961 2401 Aeeten
988 2351 1100 2415 Mavult,

60 2418 125 2488 pidi,
149 2433 285 2486 quousque
309 2419 496 2486 progredietur
520 2420 563 2473 in-
601 2435 678 2488 puem
690 2420 751 2470 cett.
769 2416 886 2470 Theoer.
902 2418 977 2482 xssi,
988 2418 1030 2472 oo.
1043 2416 1102 2502 opi-

60 2485 237 2540 nnmersbilis
261 2488 413 2553 osculorum
432 2505 462 2540 eo
480 2487 515 2541 is.
529 2517 562 2528 ·-
601 2491 673 2540 riser
687 2485 715 2538 ol
726 2483 874 2554 φιλέοντες.
899 2483 976 2538 Ovio.
988 2487 1100 2540 Herord.

60 2557 132 2608 mole
142 2556 244 2624 lingue,
258 2554 342 2607 nimie
354 2555 455 2610 seilicet
463 2507 562 2623 deud03
601 2556 624 2620 1,
636 2553 661 2608 5.
669 2587 673 2593 ·
681 2555 733 2606 Res
741 2561 784 2608 est
794 2554 901 2605 solliciti
908 2555 989 2622 plene
1000 2556 1102 2608 timoris

59 2623 113 2680 vid.
128 2638 203 2692 supr.
216 2622 251 2676 ed
264 2624 294 2676 V.
307 2623 349 2677 12.
601 2639 684 2676 emor.
726 2621 902 2674 Nisilletulli
921 2625 1051 2676 miseriem
1067 2623 1108 2677 ed-

600 2688 1101 2758 Lesbioeperiidiemreierremelis.-

202 2739 328 2794 οᾸΒΜ·
345 2740 419 2796 vm·
602 2760 676 2812 Fuls-
690 2758 783 2827 quood.
799 2759 873 2810 cond.
893 2766 912 2812 t.
934 2777 954 2812 s.
974 2777 1022 2828 pro
1040 2761 1102 2812 vul-

94 2825 227 2890 (lntullun
247 2823 563 2892 quimollissimoedlrne
601 2827 674 2898 geri:
692 2841 751 2878 eros
760 2826 892 2892 quendem
904 2827 978 2896 felix,
987 2829 1102 2883 secunde

61 2893 187 2948 lesbiam
199 2901 334 2948 amoveret
346 2894 443 2961 neimo,
454 2903 563 2963 repente
601 2895 667 2948 elim
679 2895 730 2947 tibi
740 2895 769 2946 in
781 2910 872 2946 nmero
884 2895 1034 2965 effirlgebst
1045 2896 1103 2948 for-

62 2962 152 3032 prodit
175 2961 219 3014 vir
235 2961 321 3026 tortis,
344 2969 450 3016 strenue
471 2969 563 3016 contre
602 2969 682 3026 tuns3
699 2963 766 3015 seles
784 2963 1042 3031 candidiorem,
1057 2981 1102 3016 su-

62 3047 185 3085 umne-um
194 3028 239 3082 ine
257 3029 307 3082 ties
319 3037 493 3100 pugnaturus.
511 3031 565 3084 Sed
603 3033 638 3084 di.
658 3031 735 3085 ovid.
747 3029 830 3083 Trist.
843 3031 880 3094 Π,
894 3031 953 3085 142.
973 3033 1046 3083 Note
1058 3050 1103 3084 so-

62 3048 566 3234 pressissime
603 3098 1103 3238 {stolusdissensistis

552 3197 565 3208 “
805 3206 813 3232 t
886 3206 893 3230 l
1002 3207 1008 3229 r

62 3235 161 3297 necho,
181 3238 209 3286 et
227 3233 316 3287 Alexis
334 3237 405 3303 epnd
421 3236 565 3305 Virgilium
603 3239 734 3298 Grneeos3
760 3235 814 3286 vid.
829 3236 928 3302 Speolr.
948 3237 983 3289 nd
994 3237 1101 3292 Gallim.

63 3303 212 3372 inllclege
232 3303 365 3356 Secundo.
409 3305 479 3357 Nem
500 3305 565 3356 dum
603 3307 702 3376 Hymo.
714 3303 742 3354 in
755 3303 814 3354 Cer.
827 3319 854 3354 v.
866 3302 925 3357 123.

62 3370 177 3424 Lesbios
194 3375 256 3423 ente
273 3373 363 3422 oeulos
380 3373 463 3438 penit,
482 3389 564 3439 quun·
637 3373 662 3426 4.
681 3372 797 3436 decelat,
814 3385 858 3423 me
873 3373 965 3428 edesse
982 3371 1102 3440 iubebat,

63 3445 120 3492 ium
136 3437 285 3491 dulcissimi
300 3439 398 3492 umoris
410 3440 564 3493 felicitatem
602 3443 723 3496 vocabat.

63 3507 166 3629 pidet,
179 3507 202 3560 si
215 3523 244 3559 se
252 3514 398 3560 emetorem
412 3509 575 3578 perdiderits
636 3509 663 3563 o.
679 3515 745 3571 tam,
761 3523 814 3559 uon
832 3523 936 3576 perum,
955 3509 1002 3560 sed
1018 3507 1104 3561 mexi-

100 3575 137 3629 ud
152 3576 267 3628 obscure
282 3575 565 3646 Lesbiam-postquem
603 3595 661 3641 ωας
678 3592 800 3631 umorum
811 3577 919 3630 delicies
926 3577 1047 3631 Catullus
1055 3593 1104 3630 no-

63 3644 89 3696 ei
107 3643 248 3714 perfidiam
264 3642 293 3694 in
315 3661 406 3698 umore
425 3649 567 3714 exprobro·
603 3645 895 3700 vevereeundinvoeet
907 3646 1002 3697 iocoso.

63 3713 111 3781 vit,
132 3717 164 3764 ut
178 3727 269 3764 seeum
283 3710 312 3763 in
337 3714 451 3782 gretiam
467 3715 566 3780 redeat,
638 3713 663 3767 9.
682 3715 812 3777 stenvelt,
830 3731 866 3768 se.
885 3713 975 3766 iocose
991 3711 1043 3764 ille
1059 3725 1104 3763 re-

63 3779 204 3850 impellete
217 3785 243 3833 et
253 3795 408 3848 permovere
421 3783 515 3836 studet.
606 3788 704 3851 petere,
717 3785 959 3846 umorenutnntee,
970 3795 1104 3832 exercere.

96 3851 122 3903 1.
138 3850 234 3915 Miser,
251 3847 350 3902 misere
373 3857 399 3903 et
418 3852 519 3920 perdite
536 3868 567 3904 s·
605 3881 640 3892 -
651 3852 786 3918 impotens,
796 3857 835 3913 tu,
848 3850 972 3917 quinune
983 3847 1104 3901 eLesbiu

64 3933 155 3982 mnns3
186 3916 286 3970 umeris
310 3917 382 3970 enirn
399 3920 568 3976 vehementis
604 3917 751 3986 repudietis
767 3935 816 3970 nee
830 3917 972 3984 quicquam
988 3916 1106 3984 emplius

64 3986 162 4038 misere
176 3984 324 4038 ementium
340 3986 444 4040 enimes
462 3992 572 4057 torquet.
592 3988 675 4056 repud
687 4004 746 4040 enm
759 3987 857 4055 polles3
879 3992 906 4039 et
921 3984 960 4042 sie
968 3993 1062 4054 potens
1075 3982 1105 4036 in

65 4059 92 4105 et
102 4051 220 4116 moion
241 4052 307 4106 hine
326 4055 388 4108 inir.
404 4055 511 4120 XXXV,
523 4055 567 4109 14.
605 4072 697 4110 emere
706 4055 811 4118 dieitur,
828 4052 873 4121 qui
886 4055 1011 4122 puellam,
1024 4067 1105 4122 quum

66 4121 98 4174 de
106 4121 201 4192 pnellu
207 4121 309 4192 perdite
323 4128 442 4180 ementes
459 4123 568 4179 noirel-
605 4129 686 4191 emet,
698 4121 841 4194 plenesibi
853 4121 969 4181 eonium
980 4129 1008 4176 et
1019 4119 1106 4178 emori
