2604 4720
443 278 626 332 oum!
649 279 703 331 xl.

170 433 277 498 Omnia
296 433 394 513 haee,
413 451 608 514 quaeeunque
626 430 706 497 leret
724 432 860 498 veluntas

171 531 341 608 coelitum,
361 533 478 592 tentare
498 528 589 591 simul
606 528 714 608 parati,

169 627 266 692 l'auea
286 625 421 693 nuntiate
439 645 525 688 meae
545 624 664 706 puellae
787 618 791 626 '

348 723 418 786 Neu
436 723 516 784 bena
537 721 637 784 dien:

170 821 248 884 (lum
269 819 332 880 auia
351 820 432 884 vivat
448 819 606 899 valeatque
624 817 772 890 moechia.

169 917 253 994 Quos
274 916 365 976 simul
385 915 541 996 complexa
560 919 645 978 tenet
663 918 825 988 trecentae,

170 1012 294 1076 Nullum
313 1030 414 1072 amans
433 1031 516 1087 vere,
536 1011 592 1074 eed
608 1010 777 1074 identidem
797 1010 930 1074 omnium

349 1107 402 1168 llia
421 1126 575 1188 mmpeus.
838 1169 841 1178 ,
1049 1109 1091 1167 20

170 1204 236 1266 Nee
253 1221 355 1264 meum
373 1209 535 1284 respeatet
555 1209 590 1268 ut
608 1207 687 1278 mta,
707 1219 852 1278 amorem,

172 1300 232 1377 Qui
250 1299 331 1359 illius
351 1299 438 1380 eulpa
458 1300 578 1375 eaeidit,
598 1299 681 1362 velut
699 1299 778 1380 prati

171 1395 280 1458 Ultimi
298 1395 366 1471 llos,
386 1401 596 1476 praetereunte
615 1400 773 1477 postquam

352 1489 465 1559 'l'aetue
482 1499 582 1558 aratra
600 1499 658 1556 est

239 1663 249 1684 ’
352 1711 658 1784 cramus
700 1711 790 1784 xn.

419 1858 479 1912 nu
506 1857 530 1912 A
543 1856 588 1914 Sl
600 1857 625 1914 N
637 1857 652 1910 1
665 1859 690 1914 U
702 1859 741 1914 Μ.

170 1941 349 2038 Marrucine
362 1975 459 2052 Asini,
479 1995 569 2040 mauu
588 1978 707 2038 sinistra

48 2157 70 2222 l,
80 2156 123 2210 nt.
142 2149 313 2240 ᾀὶυἰεοιοώο
325 2155 553 2246 (ῐοξηρρηὲὶηοη-
590 2155 674 2210 tiana
692 2153 755 2210 uiue
776 2153 878 2224 Cespite
888 2154 1040 2240 ringantur.
1055 2183 1092 2203 ·-

47 2225 552 2348 tllt‘ttltn¹¹¹0ltl.¹⁰tltt
590 2225 716 2363 gtltll
731 2225 1091 2352 ttltltttttlttt

48 2361 312 2431 larriiileapnaalti-
321 2361 427 2430 Musque
439 2363 551 2415 Bama—
588 2361 630 2414 rei
650 2360 762 2416 alieuius
776 2378 867 2416 easum
879 2364 923 2414 vel
940 2371 1093 2432 praematu-

47 2431 87 2482 lui
98 2435 225 2496 statuere,
240 2430 376 2484 ΟαῒιιΙΙιιω
389 2431 422 2482 arl
434 2430 552 2496 Horatii,
589 2447 648 2484 ram
670 2436 783 2484 mortem
803 2431 958 2484 translatam
983 2433 1012 2486 in
1033 2447 1092 2489 ram

47 2497 551 2568 Virgiliietaliernmpaetarumexem-
590 2516 666 2552 earam
675 2498 804 2553 convertit
819 2498 965 2568 Virgnlen.
974 2501 1090 2566 Intus.

47 2567 124 2635 plum
137 2566 277 2620 admisisse
288 2565 401 2632 hiatum,
415 2583 494 2634 quarn
510 2583 552 2620 se-
593 2568 741 2636 Puapureua
749 2569 831 2620 ueluti
840 2585 896 2620 eum
901 2571 964 2637 flor,
978 2571 1092 2624 eaedem

47 2634 360 2703 quiasuperius-riulan
372 2643 401 2687 et
414 2636 552 2689 alti-Mea·
590 2645 692 2700 aretro,
712 2637 873 2708 laangneaeit
889 2639 1010 2692 moriens.
1056 2639 1092 2693 nt
1135 2679 1139 2692 .

45 2721 95 2823 pne
106 2704 245 2767 dederunt,
264 2703 334 2769 quod
346 2703 416 2758 milri
429 2708 500 2758 certe
512 2703 553 2756 vi·
590 2705 641 2758 flea
655 2704 759 2773 integer
767 2711 794 2757 et
802 2704 919 2758 intactus
931 2705 991 2759 inlr.
1004 2707 1091 2772 Lllll,

63 2777 125 2826 etur
138 2771 319 2824 amiralinum.
589 2771 632 2826 et).
650 2772 761 2826 dieiturr
778 2775 850 2825 nulle
861 2781 980 2827 eentum
989 2782 1090 2839 aratra,

80 2839 124 2894 20.
150 2841 203 2892 Ιὶία
230 2853 360 2908 rumpent.
389 2838 551 2894 locutionem
590 2841 1092 2910 ubisoncentueuaprepeaitamal’ea·

79 2925 165 3027 rppera
182 2908 232 2959 ilia
252 2907 385 2976 explicant
398 2908 431 2959 da
443 2908 550 2961 assidue
590 2909 630 2962 sin
646 2909 788 2962 lectionem
805 2913 912 2975 sautiare
931 2927 979 2982 pre
1003 2918 1091 2968 taetus

44 2925 78 2960 nr

44 2976 85 3028 lib
117 2975 168 3028 mia
185 2975 321 3040 exercitio,
340 2993 392 3042 que
407 2983 550 3044 tentantur,
589 2977 748 3032 confirmare
756 2978 870 3030 videtur.

45 3049 255 3112 corrumpuntur
263 3043 550 3100 eaconflctunturama-

45 3113 204 3166 sammitis.
221 3112 489 3179 stannaturae.
503 3131 551 3166 ru-
733 3094 862 3149 GARM·
885 3093 944 3149 ffl

43 3181 160 3250 prante
178 3182 301 3250 Propert.
308 3179 345 3244 ll,
352 3179 394 3245 16,
407 3179 448 3235 14.
468 3184 550 3234 llum-
622 3177 730 3234 Minaee
750 3197 797 3232 ere
815 3177 951 3248 reflagitat
967 3177 1091 3234 Catullus

42 3257 96 3319 pat
106 3257 137 3302 ut
149 3249 262 3302 assiduis
274 3249 549 3306 memlrals'tiulinibua.
588 3247 618 3302 lu
632 3248 685 3302 hoe
703 3248 820 3302 earmine
837 3247 960 3316 linteum,
975 3249 1046 3316 quatl
1060 3249 1089 3302 in

77 3315 215 3370 21-24.
245 3317 299 3369 Nea
322 3334 404 3372 meam
424 3325 551 3388 respectet
587 3318 658 3370 laeta
666 3317 860 3385 compotatione
872 3333 920 3385 per
933 3316 1023 3372 iocum
1033 3319 1090 3370 lur-

44 3403 167 3440 amarenr.
191 3383 296 3456 Insigni
309 3386 439 3438 suavitate
450 3394 477 3440 et
495 3387 550 3439 ele-
589 3385 644 3439 tiva
659 3403 741 3438 manu
758 3385 906 3442 abstulerat
915 3385 1037 3450 Aeinins3
1061 3391 1089 3441 et

43 3454 139 3521 gantis
156 3453 186 3506 in
206 3453 276 3506 lrane
293 3453 463 3508 sententiam
494 3455 551 3508 Nee
587 3454 823 3524 primumquirlem
836 3455 937 3508 lurtum
952 3454 1090 3508 illutlrem

42 3527 132 3591 speret
137 3521 195 3588 illa,
208 3522 275 3589 lore,
287 3528 408 3587 utamur,
420 3523 490 3578 sicut
502 3539 550 3578 aa·
588 3523 722 3576 sordidam
738 3528 765 3576 et
776 3523 942 3576 invenustam
956 3523 1088 3590 appellata

43 3595 81 3656 te,
99 3590 128 3642 in
145 3590 312 3644 animumne
330 3591 434 3656 floreat,
452 3593 498 3645 setl
515 3592 549 3646 ti-
588 3589 820 3646 mindonensium
847 3608 938 3644 aecum
964 3596 1089 3658 reputare

38 3656 436 3783 rennuente·
586 3658 1090 3784 attenuasset:

74 3793 119 3848 22.
137 3765 547 3860 eeeialitalaaemmodataaslfle-
584 3797 743 3852 memoriam
761 3797 863 3850 scilieet
879 3767 903 3850 ’a
922 3793 1013 3847 sodale
1033 3793 1087 3848 sibl

36 3881 108 3932 rem,
119 3864 167 3934 qui
179 3865 260 3929 eadit,
283 3883 345 3920 eum
362 3872 547 3936 praetereunte
584 3866 710 3929 missum
745 3865 859 3934 denique
880 3863 998 3916 minatur
1022 3863 1086 3934 tela,

34 3939 132 3988 aratro
144 3933 288 4003 frangitur.
584 3951 679 4004 nempe
695 3940 826 3988 trecentas
839 3931 1085 4002 hendecasyllabos,

72 4001 119 4054 23.
141 4003 240 4064 Ultimi,
247 4001 373 4064 extremi3
391 4001 546 4071 designatur
583 4001 679 4070 quibus
690 4002 811 4066 linteum,
824 3999 877 4053 nisi
893 3999 963 4054 illud
974 3999 1085 4054 ramme·

54 4069 184 4124 ratimar
237 4071 280 4122 vel
291 4070 429 4123 terminus.
464 4069 543 4126 ovid.
581 4071 618 4124 rit
630 4069 745 4137 Asinius,
759 4073 955 4139 expugnaturus
968 4068 1012 4122 ait.

33 4090 108 4195 liet
126 4138 172 4202 lv,
244 4176 251 4192 .
274 4139 473 4209 arguennae
489 4139 543 4191 atl-
616 4138 641 4192 1.
660 4139 744 4194 Mara.
760 4139 874 4194 Asiu-
888 4138 1083 4194 Antennacu-
