2624 4722
213 275 265 354 Sd
511 301 542 352 c.
566 298 754 352 canaan
778 299 977 352 curuans

212 457 378 538 Expectata
397 455 449 518 dlu
467 455 518 518 vix
535 455 657 518 taudem
674 453 788 518 lumino
804 455 894 518 tollit.

212 553 343 634 Surgere
361 553 421 614 iam
439 559 568 635 tempus,
588 553 648 614 ism
667 553 793 634 pingues
812 551 950 633 linquere
971 567 1108 628 merram

212 649 274 711 lam
291 649 392 710 veniet
410 651 504 731 virgo,
527 651 587 712 iam
607 649 724 711 dicetur
742 649 946 728 Hymenaeus.

211 745 333 828 Hymen
352 763 371 809 c
390 747 576 828 Hymenaee,
594 747 717 827 Hymen
735 746 808 808 odes
828 765 846 808 o
865 746 1051 826 Hymenaee.
1224 751 1244 808 5

290 969 431 1049 (lentitia,
450 875 770 1056 innuptaeliuierieitl
788 895 958 1052 iuriiurgite
977 975 1090 1036 eduma.

209 1066 358 1130 Nimirum
378 1068 507 1134 Oetaeos
528 1070 659 1133 ostendit
677 1067 815 1134 Noctifer
833 1070 930 1150 ignea.

209 1247 308 1302 pompe
318 1231 432 1301 nuptiali
441 1233 565 1316 aequales
578 1232 677 1286 Manlii
691 1249 710 1288 c
745 1231 870 1295 herem,
891 1228 1013 1300 magici
1060 1229 1148 1296 leiim,
1166 1245 1243 1300 quam

209 1301 709 1423 tittmfftt‘lttilftid·
746 1299 1021 1421 tittiltruitl
1044 1316 1245 1421 iiim

209 1435 329 1498 Puellae,
344 1387 551 1494 anomianorum
568 1405 709 1491 edeanen:
747 1437 867 1508 graviter
880 1441 1012 1488 munder.
1174 1387 1191 1437 P
1234 1408 1243 1436 ’

209 1505 474 1573 dumpresilientium
481 1504 709 1560 ducentenari-
781 1506 806 1559 1.
830 1505 925 1573 Vesper
942 1503 985 1556 rei
1004 1503 1136 1571 Hesperus
1152 1501 1244 1557 simili-

209 1573 385 1638 madvormnt,
410 1574 482 1626 haud
506 1575 619 1643 vulgare
644 1574 709 1642 quid
747 1577 789 1634 ier
801 1572 870 1642 apud
889 1569 963 1642 Virg.
982 1571 1053 1624 Geor
1074 1569 1118 1633 .1,
1132 1569 1190 1624 251.
1203 1573 1243 1624 lu-

209 1658 255 1694 eos
268 1641 364 1694 minari
374 1641 493 1694 indicent
506 1641 660 1709 timentque.
673 1671 705 1682 -
746 1588 1168 1707 minoucoendereetapniCland.
1177 1641 1242 1708 xlv,

208 1726 234 1764 v.
242 1710 275 1761 ll
284 1708 365 1762 -19,
382 1710 483 1763 Eadem
491 1727 555 1763 eura
567 1711 640 1762 subit
650 1710 708 1764 aui·
747 1711 772 1774 1,
783 1710 810 1762 2.
822 1711 919 1762 luminu
931 1709 1051 1760 attollere
1066 1707 1169 1761 dieitur.
1186 1708 1243 1761 Sci-

209 1791 268 1832 uros
276 1777 409 1842 iuvenum,
419 1795 481 1830 eum
489 1778 530 1830 illi
540 1779 643 1845 puellas
652 1793 708 1830 me-
745 1777 818 1842 lieet‚
830 1784 861 1830 ut
873 1776 938 1830 datis
952 1783 1053 1839 notam,
1065 1776 1157 1829 eadem
1168 1777 1244 1831 stella

209 1843 367 1898 ditebuudas
386 1853 478 1900 contre
498 1863 528 1900 se
544 1845 573 1898 in
589 1847 708 1899 modium
751 1847 847 1914 Vesper
862 1845 907 1898 vel
926 1845 1115 1920 Herpermpvel
1128 1845 1245 1911 Noctifer

209 1914 352 1981 procedere
369 1913 469 1968 vident
515 1909 608 1982 llaque
636 1932 707 1967 nunc
745 1922 865 1977 vocetur,
888 1918 1025 1980 cumpost
1044 1912 1245 1966 solisoecaaum

208 1981 297 2035 missis
313 1983 459 2036 levioribus
481 1982 515 2035 ad
528 1983 707 2048 severitatem,
746 1983 841 2044 oritur,
853 1987 881 2034 et
894 1981 1000 2046 Lucifer
1013 1979 1187 2052 (φωςφόρος)
1201 1981 1244 2034 rel

208 2051 540 2120 quampostuletvietoria,
553 2051 708 2106 seinvicem
750 2052 911 2114 Venus‚eum
919 2049 1243 2120 autesoiiserturucurgit.
1301 2069 1302 2076 ¹

207 2119 321 2174 excitant
330 2127 356 2172 et
365 2120 587 2174 exhortantur-
598 2119 707 2173 nitt-
779 2118 805 2172 d.
823 2119 944 2187 pingues,
963 2119 999 2170 ob
1012 2116 1134 2186 pingues,
1151 2125 1244 2170 uuetua

207 2185 251 2240 25.
272 2189 382 2240 Puellae
406 2189 527 2257 Hespero
546 2190 708 2256 exprobrant
744 2188 790 2240 rel
805 2187 902 2248 lautas,
917 2185 1016 2256 epulas,
1030 2202 1098 2254 quae
1110 2185 1244 2240 inmensis

207 2254 355 2323 saevitiam,
377 2272 430 2322 qua
444 2273 513 2308 uuae
525 2255 612 2308 illlam
622 2274 640 2322 e
649 2273 708 2309 ma·
745 2273 779 2326 ap
797 2261 921 2308 enuntur.

161 2367 163 2374 ,
208 2321 257 2376 tria
278 2323 338 2376 sinu
358 2323 479 2376 avulsam
494 2323 599 2376 ardenti
615 2323 706 2376 iuveni
799 2323 936 2376 ‚dicetur
963 2321 1054 2375 littera
1075 2321 1165 2375 brevis
1185 2325 1245 2378 ante

206 2389 302 2443 nodat
319 2419 350 2430 -
366 2389 523 2444 vde-tl.
541 2391 707 2444 lurenesex-
746 2391 776 2444 H
846 2409 908 2444 aeus
919 2395 950 2442 ut
961 2388 1170 2454 inmittimus.
1187 2393 1245 2444 Vir-

206 2458 305 2512 tollunt
317 2459 466 2526 Hesperum
483 2463 514 2512 ut
527 2458 599 2512 sidus
613 2459 708 2512 iucun-
745 2459 774 2529 gi
788 2499 793 2512 .
809 2460 873 2512 Aen.
892 2459 926 2524 ll,
937 2457 997 2512 720.
1017 2464 1044 2513 et
1062 2459 1167 2530 saepius
1178 2459 1245 2514 oliui

206 2525 354 2591 dissimum,
372 2526 447 2580 euius
463 2529 549 2579 lausto
566 2527 708 2595 splendore
742 2526 907 2598 producitur.

206 2593 377 2647 stabiliantur
397 2601 424 2648 et
441 2595 629 2648 confirmentur
639 2596 707 2650 inita
778 2595 804 2650 5.
829 2597 931 2664 Hymen
954 2612 970 2647 e
987 2593 1145 2662 Hymenaee,
1167 2593 1244 2666 Hpn.

206 2679 328 2716 umorum
349 2663 464 2718 foedere.
481 2693 515 2703 -
535 2679 561 2716 v.
581 2663 705 2718 etz-35.
744 2663 779 2718 el.
792 2682 862 2733 supr.
876 2665 909 2717 ad
922 2664 1008 2716 Curru
1025 2663 1095 2733 LXI,
1107 2662 1133 2716 d.

205 2731 316 2785 Puellae
325 2733 477 2852 Hesperum
488 2736 518 2783 ut
526 2731 612 2786 larem
624 2740 707 2786 etra-
778 2731 804 2784 i.
824 2733 918 2786 Nimir.
941 2733 996 2784 Oet.
1018 2738 1066 2784 eet.
1089 2731 1165 2786 Neci.
1186 2731 1245 2800 ign.

206 2805 310 2870 piorem
328 2802 477 2870 Puelarum
501 2799 645 2870 exagitent.
672 2829 705 2842 -
744 2800 889 2870 vulgarem
912 2799 1084 2854 sententium
1116 2799 1245 2866 „Scilicet

205 2885 233 2920 r.
249 2869 371 2924 itt-te.
389 2868 460 2938 Quid
472 2877 537 2935 tum,
548 2869 707 2939 respondent
743 2867 881 2938 Hesperus
896 2873 1003 2920 exortus
1021 2868 1088 2936 est‚”
1110 2869 1244 2936 splendide

205 2936 322 3004 iuvenes,
346 2939 369 2991 si
381 2939 486 3008 puellae
504 2937 628 2991 simulate
648 2955 707 2992 ear-
744 2945 823 3006 poeta
852 2936 991 2990 exornavit
1022 2936 1077 2989 sie:
1111 2934 1244 2990 Nimirum

204 3007 276 3076 punt,
295 3024 374 3076 quem
393 3007 483 3061 animo
502 3003 653 3074 requirunt!
670 3034 705 3048 -
745 3005 891 3072 (Noctifer)
908 3005 1043 3074 Hesperus
1061 3003 1122 3057 inde
1145 3008 1180 3059 ab
1194 3007 1245 3060 Oe-

203 3091 230 3128 ν.
243 3073 377 3132 ati-te.
406 3077 464 3133 lem
481 3075 602 3142 sequitur
620 3075 704 3138 locus,
744 3073 822 3126 taeiu
844 3071 1245 3143 espleudoremigneumosten-

223 3159 257 3194 uo
277 3142 323 3198 vix
343 3145 414 3198 ullus
432 3141 583 3212 antiquitati
593 3142 705 3196 debetur
744 3141 790 3194 dit.
853 3159 900 3194 aee
910 3141 1034 3208 loquendi
1046 3141 1114 3194 ratio
1126 3151 1245 3212 repeten-

204 3159 310 3262 inlotae
329 3217 356 3265 et
376 3213 519 3266 venustior.
542 3241 572 3252 -
593 3209 704 3264 Puellae
743 3210 777 3292 de
788 3215 829 3262 est
841 3212 875 3263 ab
890 3215 998 3264 externe
1014 3209 1102 3331 specie
1121 3211 1178 3262 sive
1189 3211 1245 3279 opi·

202 3279 705 3402 tttttttttttitttltliittt
743 3279 1245 3414 littititltettti„itit

203 3413 461 3481 etpuleluritudinem
467 3433 567 3480 amnes,
575 3417 622 3484 qui
629 3433 705 3485 prae·
744 3415 831 3468 cidere
841 3423 973 3483 putamus.
991 3441 1026 3452 -
1043 3417 1110 3469 Oeta
1126 3415 1182 3468 sire
1199 3418 1246 3469 Oe-

203 3487 317 3546 tercunt,
331 3499 436 3538 summa
452 3485 628 3538 admiratione
640 3501 704 3538 con·
743 3491 859 3536 temous
875 3483 927 3536 luit
945 3482 1076 3536 Graeciae
1093 3483 1150 3537 sive
1170 3484 1246 3537 limes

198 3551 366 3619 templumtar
374 3559 540 3674 etappetunt,
553 3557 580 3604 at
592 3553 704 3606 eandem
744 3551 902 3606 Thessaliae
914 3551 1047 3616 australis,
1061 3551 1137 3605 euius
1151 3551 1246 3624 iugum

201 3618 356 3689 decerptum
377 3625 405 3673 et
441 3626 620 3674 acceseeutem
634 3621 704 3674 nihil
743 3621 778 3674 ab
793 3619 940 3674 crientead
954 3621 1117 3674 occidentem
1132 3621 1247 3691 porrigi·

200 3687 280 3758 plene
296 3696 397 3742 curant.
415 3716 450 3732 -
473 3706 500 3741 v.
518 3688 552 3742 te
566 3704 639 3755 seqq.
659 3690 705 3741 lu·
743 3695 796 3742 tur.
835 3687 963 3742 Extitirse
980 3689 1065 3757 igitur
1085 3689 1113 3741 in
1130 3690 1182 3743 hac
1205 3705 1248 3744 re-

202 3773 283 3810 ueues
292 3758 413 3826 exemplo
430 3773 447 3812 a
462 3757 559 3826 puellis
570 3755 703 3836 preposito
743 3756 825 3839 piene
836 3755 942 3842 ridetur
951 3764 1025 3810 vetus
1039 3757 1148 3824 quidem
1160 3765 1247 3828 poeta,

203 3823 705 3964 “ittirittitrtlittttlttt
743 3825 1127 3947 ttttl.tllt¹.t⁶t¹ttt¹i;
1151 3827 1248 3948 ”itit

202 3901 276 4028 iiis,
302 3963 386 4026 aiunt,
413 3964 485 4028 vitis,
508 3979 561 4016 non
580 3961 706 4016 maritata
743 3961 809 4029 ect,”
828 3913 886 4015 seio
906 3910 1248 4031 amommodorotisinquo

202 4027 244 4094 (lt.
258 4046 281 4080 e.
298 4047 351 4084 uon
369 4035 484 4100 mens)
504 4029 595 4088 erberi
613 4029 705 4096 alieni,
744 4030 778 4084 ad
796 4031 960 4084 Graecorum
981 4029 1130 4083 imitatores
1152 4047 1249 4100 propa·

87 4145 91 4154 .
200 4095 278 4150 homi
298 4099 380 4170 serpit
398 4101 537 4184 etinculta
550 4104 648 4182 mutiet,
664 4097 705 4182 itu
742 4103 829 4218 ¹garet.
847 4099 888 4154 Gi.
898 4095 1246 4172 Heyniuaudvirgffllcleg.

203 4165 303 4236 puelia,
315 4183 369 4222 nou
380 4169 472 4224 mariti
486 4169 652 4240 amplexibus
663 4185 705 4223 rn-
765 4166 815 4234 111,
826 4165 870 4221 to.
