<?xml version="1.0" encoding="UTF-8"?>
<!DOCTYPE html PUBLIC "-//W3C//DTD XHTML 1.0 Transitional//EN"
    "http://www.w3.org/TR/xhtml1/DTD/xhtml1-transitional.dtd">
<html xmlns="http://www.w3.org/1999/xhtml" xml:lang="en" lang="en">
 <head>
  <title>
</title>
<meta http-equiv="Content-Type" content="text/html;charset=utf-8" />
  <meta name='ocr-system' content='tesseract 3.04.00' />
  <meta name='ocr-capabilities' content='ocr_page ocr_carea ocr_par ocr_line ocrx_word'/>
</head>
<body>
  <div class='ocr_page' id='page_1' title='image "./carmina00doergoog_0012.png"; bbox 0 0 2604 4720; ppageno 0'>
   <div class='ocr_carea' id='block_1_1' title="bbox 171 265 209 314">
    <p class='ocr_par' dir='ltr' id='par_1_1' title="bbox 171 265 209 314">
     <span class='ocr_line' id='line_1_1' title="bbox 171 265 209 314; baseline 0.053 -2"><span class='ocrx_word' id='word_1_1' title='bbox 171 265 209 314; x_wconf 78' lang='lat' dir='ltr'>Vl</span> 
     </span>
    </p>
   </div>
   <div class='ocr_carea' id='block_1_2' title="bbox 80 418 1287 3680">
    <p class='ocr_par' dir='ltr' id='par_1_2' title="bbox 164 418 1214 518">
     <span class='ocr_line' id='line_1_2' title="bbox 164 418 1214 518; baseline -0.003 -19"><span class='ocrx_word' id='word_1_2' title='bbox 164 418 318 516; x_wconf 48' lang='lat' dir='ltr'>‘tentari</span> <span class='ocrx_word' id='word_1_3' title='bbox 349 425 386 496; x_wconf 92' lang='lat' dir='ltr'>in</span> <span class='ocrx_word' id='word_1_4' title='bbox 409 425 500 501; x_wconf 80' lang='lat' dir='ltr'>notis</span> <span class='ocrx_word' id='word_1_5' title='bbox 520 424 680 496; x_wconf 81' lang='lat' dir='ltr'>indicari.</span> <span class='ocrx_word' id='word_1_6' title='bbox 705 460 755 476; x_wconf 94' lang='lat'><em>-</em></span> <span class='ocrx_word' id='word_1_7' title='bbox 787 421 922 512; x_wconf 77' lang='lat' dir='ltr'><strong>Quodsi</strong></span> <span class='ocrx_word' id='word_1_8' title='bbox 941 445 1023 498; x_wconf 87' lang='lat' dir='ltr'>vero</span> <span class='ocrx_word' id='word_1_9' title='bbox 1046 427 1130 514; x_wconf 77' lang='lat' dir='ltr'>siut,</span> <span class='ocrx_word' id='word_1_10' title='bbox 1154 429 1214 518; x_wconf 90' lang='lat' dir='ltr'>qui</span> 
     </span>
    </p>

    <p class='ocr_par' dir='ltr' id='par_1_3' title="bbox 80 527 1215 725">
     <span class='ocr_line' id='line_1_3' title="bbox 171 527 1215 623; baseline -0.002 -21"><span class='ocrx_word' id='word_1_11' title='bbox 171 531 376 602; x_wconf 79' lang='lat' dir='ltr'><strong>Lectionum</strong></span> <span class='ocrx_word' id='word_1_12' title='bbox 390 529 597 598; x_wconf 80' lang='lat' dir='ltr'>varietatem</span> <span class='ocrx_word' id='word_1_13' title='bbox 612 527 816 615; x_wconf 79' lang='lat' dir='ltr'>desiderent,</span> <span class='ocrx_word' id='word_1_14' title='bbox 839 529 882 598; x_wconf 90' lang='lat' dir='ltr'>iis</span> <span class='ocrx_word' id='word_1_15' title='bbox 897 529 1037 623; x_wconf 79' lang='lat' dir='ltr'>largiter</span> <span class='ocrx_word' id='word_1_16' title='bbox 1045 529 1114 598; x_wconf 91' lang='lat' dir='ltr'>hae</span> <span class='ocrx_word' id='word_1_17' title='bbox 1128 552 1215 622; x_wconf 88' lang='lat' dir='ltr'>epu·</span> 
     </span>
     <span class='ocr_line' id='line_1_4' title="bbox 80 627 1215 725; baseline 0.001 -24"><span class='ocrx_word' id='word_1_18' title='bbox 80 632 83 643; x_wconf 88' lang='lat'>&#39;</span> <span class='ocrx_word' id='word_1_19' title='bbox 173 633 229 701; x_wconf 90' lang='lat' dir='ltr'>lae</span> <span class='ocrx_word' id='word_1_20' title='bbox 253 632 436 725; x_wconf 87' lang='lat' dir='ltr'>appositae</span> <span class='ocrx_word' id='word_1_21' title='bbox 457 639 536 701; x_wconf 90' lang='lat' dir='ltr'>sunt</span> <span class='ocrx_word' id='word_1_22' title='bbox 557 634 594 702; x_wconf 91' lang='lat' dir='ltr'>iu</span> <span class='ocrx_word' id='word_1_23' title='bbox 624 630 790 700; x_wconf 88' lang='lat' dir='ltr'>Editione</span> <span class='ocrx_word' id='word_1_24' title='bbox 812 627 1001 702; x_wconf 78' lang='lat' dir='ltr'>Clarissimi</span> <span class='ocrx_word' id='word_1_25' title='bbox 1020 628 1215 722; x_wconf 77' lang='lat' dir='ltr'>Sruurou,</span> 
     </span>
    </p>

    <p class='ocr_par' dir='ltr' id='par_1_4' title="bbox 173 732 1142 830">
     <span class='ocr_line' id='line_1_5' title="bbox 173 732 1142 830; baseline 0.001 -26"><span class='ocrx_word' id='word_1_26' title='bbox 173 736 235 826; x_wconf 90' lang='lat' dir='ltr'>qui</span> <span class='ocrx_word' id='word_1_27' title='bbox 257 734 388 828; x_wconf 89' lang='lat' dir='ltr'>passim</span> <span class='ocrx_word' id='word_1_28' title='bbox 402 732 448 830; x_wconf 84' lang='lat' dir='ltr'>de</span> <span class='ocrx_word' id='word_1_29' title='bbox 465 734 575 804; x_wconf 84' lang='lat' dir='ltr'>Variis</span> <span class='ocrx_word' id='word_1_30' title='bbox 590 733 809 802; x_wconf 77' lang='lat' dir='ltr'>Lectionibus</span> <span class='ocrx_word' id='word_1_31' title='bbox 825 733 928 804; x_wconf 90' lang='lat' dir='ltr'>docte</span> <span class='ocrx_word' id='word_1_32' title='bbox 944 734 1142 827; x_wconf 85' lang='lat' dir='ltr'>disputavit.</span> 
     </span>
    </p>

    <p class='ocr_par' dir='ltr' id='par_1_5' title="bbox 174 833 1224 1926">
     <span class='ocr_line' id='line_1_6' title="bbox 276 833 1218 928; baseline 0.003 -25"><span class='ocrx_word' id='word_1_33' title='bbox 276 833 438 905; x_wconf 88' lang='lat' dir='ltr'>Ceterum</span> <span class='ocrx_word' id='word_1_34' title='bbox 450 858 540 905; x_wconf 83' lang='lat' dir='ltr'>noro</span> <span class='ocrx_word' id='word_1_35' title='bbox 550 837 666 928; x_wconf 88' lang='lat' dir='ltr'>piane,</span> <span class='ocrx_word' id='word_1_36' title='bbox 684 857 788 924; x_wconf 90' lang='lat' dir='ltr'>quem</span> <span class='ocrx_word' id='word_1_37' title='bbox 801 859 892 905; x_wconf 87' lang='lat' dir='ltr'>nuno</span> <span class='ocrx_word' id='word_1_38' title='bbox 901 837 1096 924; x_wconf 86' lang='lat' dir='ltr'>adiecimus,</span> <span class='ocrx_word' id='word_1_39' title='bbox 1111 834 1218 906; x_wconf 81' lang='lat' dir='ltr'>Gorn-</span> 
     </span>
     <span class='ocr_line' id='line_1_7' title="bbox 174 936 1218 1030; baseline 0.001 -23"><span class='ocrx_word' id='word_1_40' title='bbox 174 937 340 1007; x_wconf 87' lang='lat' dir='ltr'>mentario</span> <span class='ocrx_word' id='word_1_41' title='bbox 355 937 478 1006; x_wconf 80' lang='lat' dir='ltr'><strong>cedere</strong></span> <span class='ocrx_word' id='word_1_42' title='bbox 500 938 639 1008; x_wconf 81' lang='lat' dir='ltr'>omuino</span> <span class='ocrx_word' id='word_1_43' title='bbox 653 936 772 1008; x_wconf 84' lang='lat' dir='ltr'>debuit</span> <span class='ocrx_word' id='word_1_44' title='bbox 785 946 893 1025; x_wconf 83' lang='lat' dir='ltr'>retus,</span> <span class='ocrx_word' id='word_1_45' title='bbox 918 939 978 1029; x_wconf 92' lang='lat' dir='ltr'>qui</span> <span class='ocrx_word' id='word_1_46' title='bbox 994 939 1096 1030; x_wconf 89' lang='lat' dir='ltr'>plura</span> <span class='ocrx_word' id='word_1_47' title='bbox 1106 938 1218 1008; x_wconf 79' lang='lat' dir='ltr'>habe-</span> 
     </span>
     <span class='ocr_line' id='line_1_8' title="bbox 175 1039 1219 1134; baseline 0.002 -26"><span class='ocrx_word' id='word_1_48' title='bbox 175 1039 237 1108; x_wconf 91' lang='lat' dir='ltr'>bat</span> <span class='ocrx_word' id='word_1_49' title='bbox 251 1040 309 1109; x_wconf 86' lang='lat' dir='ltr'>vel</span> <span class='ocrx_word' id='word_1_50' title='bbox 319 1039 442 1131; x_wconf 88' lang='lat' dir='ltr'>putide</span> <span class='ocrx_word' id='word_1_51' title='bbox 455 1039 672 1127; x_wconf 86' lang='lat' dir='ltr'>abundantia,</span> <span class='ocrx_word' id='word_1_52' title='bbox 697 1039 754 1108; x_wconf 84' lang='lat' dir='ltr'>vel</span> <span class='ocrx_word' id='word_1_53' title='bbox 767 1039 914 1109; x_wconf 86' lang='lat' dir='ltr'>iuvenile</span> <span class='ocrx_word' id='word_1_54' title='bbox 928 1063 1036 1110; x_wconf 84' lang='lat' dir='ltr'>ranae</span> <span class='ocrx_word' id='word_1_55' title='bbox 1052 1041 1219 1134; x_wconf 83' lang='lat' dir='ltr'>gloriolae</span> 
     </span>
     <span class='ocr_line' id='line_1_9' title="bbox 176 1139 1220 1235; baseline 0.002 -25"><span class='ocrx_word' id='word_1_56' title='bbox 176 1141 368 1234; x_wconf 78' lang='lat' dir='ltr'>captandae</span> <span class='ocrx_word' id='word_1_57' title='bbox 382 1142 530 1212; x_wconf 85' lang='lat' dir='ltr'>studium</span> <span class='ocrx_word' id='word_1_58' title='bbox 545 1139 758 1228; x_wconf 75' lang='lat' dir='ltr'>ostentantia,</span> <span class='ocrx_word' id='word_1_59' title='bbox 782 1143 840 1212; x_wconf 84' lang='lat' dir='ltr'>vei</span> <span class='ocrx_word' id='word_1_60' title='bbox 858 1143 926 1210; x_wconf 88' lang='lat' dir='ltr'>alia</span> <span class='ocrx_word' id='word_1_61' title='bbox 939 1143 984 1212; x_wconf 89' lang='lat' dir='ltr'>ad</span> <span class='ocrx_word' id='word_1_62' title='bbox 1000 1143 1170 1235; x_wconf 88' lang='lat' dir='ltr'>superflua</span> <span class='ocrx_word' id='word_1_63' title='bbox 1184 1151 1220 1212; x_wconf 88' lang='lat' dir='ltr'>et</span> 
     </span>
     <span class='ocr_line' id='line_1_10' title="bbox 176 1241 1220 1326; baseline 0.004 -14"><span class='ocrx_word' id='word_1_64' title='bbox 176 1243 310 1312; x_wconf 87' lang='lat' dir='ltr'>inutilia</span> <span class='ocrx_word' id='word_1_65' title='bbox 323 1243 514 1314; x_wconf 88' lang='lat' dir='ltr'>referenda.</span> <span class='ocrx_word' id='word_1_66' title='bbox 564 1245 612 1314; x_wconf 89' lang='lat' dir='ltr'>At</span> <span class='ocrx_word' id='word_1_67' title='bbox 625 1246 662 1314; x_wconf 91' lang='lat' dir='ltr'>iu</span> <span class='ocrx_word' id='word_1_68' title='bbox 681 1243 750 1313; x_wconf 88' lang='lat' dir='ltr'>hoo</span> <span class='ocrx_word' id='word_1_69' title='bbox 769 1267 860 1314; x_wconf 84' lang='lat' dir='ltr'>noro</span> <span class='ocrx_word' id='word_1_70' title='bbox 875 1241 1128 1326; x_wconf 84' lang='lat' dir='ltr'>Commentario</span> <span class='ocrx_word' id='word_1_71' title='bbox 1150 1268 1220 1316; x_wconf 95' lang='lat' dir='ltr'>non</span> 
     </span>
     <span class='ocr_line' id='line_1_11' title="bbox 177 1345 1221 1440; baseline 0.002 -26"><span class='ocrx_word' id='word_1_72' title='bbox 177 1346 289 1414; x_wconf 89' lang='lat' dir='ltr'>solum</span> <span class='ocrx_word' id='word_1_73' title='bbox 303 1345 487 1439; x_wconf 84' lang='lat' dir='ltr'>diiigenter</span> <span class='ocrx_word' id='word_1_74' title='bbox 501 1345 587 1416; x_wconf 92' lang='lat' dir='ltr'>mihi</span> <span class='ocrx_word' id='word_1_75' title='bbox 600 1347 685 1434; x_wconf 86' lang='lat' dir='ltr'>cavi,</span> <span class='ocrx_word' id='word_1_76' title='bbox 709 1346 852 1435; x_wconf 87' lang='lat' dir='ltr'>nequid</span> <span class='ocrx_word' id='word_1_77' title='bbox 868 1369 936 1440; x_wconf 83' lang='lat' dir='ltr'>ego</span> <span class='ocrx_word' id='word_1_78' title='bbox 955 1369 1059 1417; x_wconf 82' lang='lat' dir='ltr'>senex</span> <span class='ocrx_word' id='word_1_79' title='bbox 1081 1358 1221 1440; x_wconf 87' lang='lat' dir='ltr'>septua-</span> 
     </span>
     <span class='ocr_line' id='line_1_12' title="bbox 177 1447 1222 1542; baseline 0.006 -29"><span class='ocrx_word' id='word_1_80' title='bbox 177 1447 276 1540; x_wconf 79' lang='lat' dir='ltr'>ginta</span> <span class='ocrx_word' id='word_1_81' title='bbox 290 1456 369 1515; x_wconf 88' lang='lat' dir='ltr'>octo</span> <span class='ocrx_word' id='word_1_82' title='bbox 383 1470 489 1517; x_wconf 88' lang='lat' dir='ltr'>annos</span> <span class='ocrx_word' id='word_1_83' title='bbox 504 1455 602 1518; x_wconf 92' lang='lat' dir='ltr'>natus</span> <span class='ocrx_word' id='word_1_84' title='bbox 619 1447 757 1518; x_wconf 91' lang='lat' dir='ltr'>molirer</span> <span class='ocrx_word' id='word_1_85' title='bbox 769 1450 897 1542; x_wconf 90' lang='lat' dir='ltr'>inepte,</span> <span class='ocrx_word' id='word_1_86' title='bbox 920 1449 982 1518; x_wconf 90' lang='lat' dir='ltr'>sed</span> <span class='ocrx_word' id='word_1_87' title='bbox 997 1450 1110 1536; x_wconf 90' lang='lat' dir='ltr'>etiam,</span> <span class='ocrx_word' id='word_1_88' title='bbox 1132 1472 1222 1538; x_wconf 89' lang='lat' dir='ltr'>quae</span> 
     </span>
     <span class='ocr_line' id='line_1_13' title="bbox 177 1548 1222 1670; baseline 0.004 -54"><span class='ocrx_word' id='word_1_89' title='bbox 177 1548 317 1617; x_wconf 84' lang='lat' dir='ltr'>chartae</span> <span class='ocrx_word' id='word_1_90' title='bbox 345 1549 604 1670; x_wconf 80' lang='lat' dir='ltr'>mandaveram,</span> <span class='ocrx_word' id='word_1_91' title='bbox 644 1558 826 1642; x_wconf 83' lang='lat' dir='ltr'>autequam</span> <span class='ocrx_word' id='word_1_92' title='bbox 854 1552 948 1644; x_wconf 77' lang='lat' dir='ltr'>typis</span> <span class='ocrx_word' id='word_1_93' title='bbox 980 1573 1140 1644; x_wconf 84' lang='lat' dir='ltr'>expressa</span> <span class='ocrx_word' id='word_1_94' title='bbox 1167 1551 1222 1620; x_wconf 83' lang='lat' dir='ltr'>le-</span> 
     </span>
     <span class='ocr_line' id='line_1_14' title="bbox 176 1651 1223 1744; baseline 0 -24"><span class='ocrx_word' id='word_1_95' title='bbox 176 1659 356 1744; x_wconf 82' lang='lat' dir='ltr'>gerentur,</span> <span class='ocrx_word' id='word_1_96' title='bbox 391 1653 637 1722; x_wconf 86' lang='lat' dir='ltr'>oommunicavi</span> <span class='ocrx_word' id='word_1_97' title='bbox 663 1677 742 1722; x_wconf 89' lang='lat' dir='ltr'>cum</span> <span class='ocrx_word' id='word_1_98' title='bbox 768 1652 997 1723; x_wconf 80' lang='lat' dir='ltr'>Antioissr’mo</span> <span class='ocrx_word' id='word_1_99' title='bbox 1030 1651 1223 1740; x_wconf 73' lang='lat' dir='ltr'>Iaoousro,</span> 
     </span>
     <span class='ocr_line' id='line_1_15' title="bbox 177 1753 1224 1872; baseline 0.004 -50"><span class='ocrx_word' id='word_1_100' title='bbox 177 1760 230 1840; x_wconf 90' lang='lat' dir='ltr'>et,</span> <span class='ocrx_word' id='word_1_101' title='bbox 263 1774 352 1840; x_wconf 88' lang='lat' dir='ltr'>quae</span> <span class='ocrx_word' id='word_1_102' title='bbox 388 1753 450 1824; x_wconf 90' lang='lat' dir='ltr'>ille</span> <span class='ocrx_word' id='word_1_103' title='bbox 479 1755 627 1843; x_wconf 88' lang='lat' dir='ltr'>monuit,</span> <span class='ocrx_word' id='word_1_104' title='bbox 661 1763 762 1872; x_wconf 78' lang='lat' dir='ltr'>grato</span> <span class='ocrx_word' id='word_1_105' title='bbox 792 1757 906 1828; x_wconf 87' lang='lat' dir='ltr'>auimo</span> <span class='ocrx_word' id='word_1_106' title='bbox 927 1757 965 1826; x_wconf 90' lang='lat' dir='ltr'>in</span> <span class='ocrx_word' id='word_1_107' title='bbox 986 1777 1085 1826; x_wconf 90' lang='lat' dir='ltr'>usum</span> <span class='ocrx_word' id='word_1_108' title='bbox 1107 1777 1224 1826; x_wconf 89' lang='lat' dir='ltr'>meum</span> 
     </span>
     <span class='ocr_line' id='line_1_16' title="bbox 175 1855 337 1926; baseline -0.007 -2"><span class='ocrx_word' id='word_1_109' title='bbox 175 1855 337 1926; x_wconf 85' lang='lat' dir='ltr'>converti.</span> 
     </span>
    </p>

    <p class='ocr_par' dir='ltr' id='par_1_6' title="bbox 177 1954 1286 2561">
     <span class='ocr_line' id='line_1_17' title="bbox 279 1954 1224 2050; baseline 0.005 -27"><span class='ocrx_word' id='word_1_110' title='bbox 279 1954 432 2050; x_wconf 74' lang='lat' dir='ltr'>Egregie</span> <span class='ocrx_word' id='word_1_111' title='bbox 451 1965 566 2027; x_wconf 87' lang='lat' dir='ltr'>autem</span> <span class='ocrx_word' id='word_1_112' title='bbox 581 1959 625 2028; x_wconf 94' lang='lat' dir='ltr'>de</span> <span class='ocrx_word' id='word_1_113' title='bbox 640 1959 709 2029; x_wconf 86' lang='lat' dir='ltr'>hae</span> <span class='ocrx_word' id='word_1_114' title='bbox 722 1981 811 2029; x_wconf 85' lang='lat' dir='ltr'>nova</span> <span class='ocrx_word' id='word_1_115' title='bbox 813 1957 957 2030; x_wconf 81' lang='lat' dir='ltr'>Catulli</span> <span class='ocrx_word' id='word_1_116' title='bbox 971 1959 1135 2028; x_wconf 88' lang='lat' dir='ltr'>Editione</span> <span class='ocrx_word' id='word_1_117' title='bbox 1148 1979 1224 2028; x_wconf 81' lang='lat' dir='ltr'>me·</span> 
     </span>
     <span class='ocr_line' id='line_1_18' title="bbox 178 2057 1224 2154; baseline 0.001 -28"><span class='ocrx_word' id='word_1_118' title='bbox 178 2057 247 2126; x_wconf 89' lang='lat' dir='ltr'>ruit</span> <span class='ocrx_word' id='word_1_119' title='bbox 261 2059 408 2128; x_wconf 87' lang='lat' dir='ltr'>Virtam</span> <span class='ocrx_word' id='word_1_120' title='bbox 423 2060 521 2154; x_wconf 84' lang='lat' dir='ltr'>larga</span> <span class='ocrx_word' id='word_1_121' title='bbox 536 2063 706 2132; x_wconf 85' lang='lat' dir='ltr'>solidioris</span> <span class='ocrx_word' id='word_1_122' title='bbox 723 2062 896 2132; x_wconf 87' lang='lat' dir='ltr'>doctrinae</span> <span class='ocrx_word' id='word_1_123' title='bbox 911 2063 1051 2136; x_wconf 85' lang='lat' dir='ltr'>seientia</span> <span class='ocrx_word' id='word_1_124' title='bbox 1063 2061 1224 2149; x_wconf 90' lang='lat' dir='ltr'>imbutus,</span> 
     </span>
     <span class='ocr_line' id='line_1_19' title="bbox 178 2161 1286 2256; baseline 0.008 -27"><span class='ocrx_word' id='word_1_125' title='bbox 178 2183 283 2250; x_wconf 88' lang='lat' dir='ltr'>quam</span> <span class='ocrx_word' id='word_1_126' title='bbox 317 2162 404 2232; x_wconf 90' lang='lat' dir='ltr'>mira</span> <span class='ocrx_word' id='word_1_127' title='bbox 440 2162 477 2228; x_wconf 92' lang='lat' dir='ltr'>iu</span> <span class='ocrx_word' id='word_1_128' title='bbox 511 2163 714 2256; x_wconf 79' lang='lat' dir='ltr'>indagandis</span> <span class='ocrx_word' id='word_1_129' title='bbox 751 2186 934 2256; x_wconf 88' lang='lat' dir='ltr'>operarum</span> <span class='ocrx_word' id='word_1_130' title='bbox 969 2170 1004 2232; x_wconf 85' lang='lat' dir='ltr'>et</span> <span class='ocrx_word' id='word_1_131' title='bbox 1037 2161 1226 2253; x_wconf 83' lang='lat' dir='ltr'>scripturae</span> <span class='ocrx_word' id='word_1_132' title='bbox 1285 2231 1286 2238; x_wconf 74' lang='grc'>,</span> 
     </span>
     <span class='ocr_line' id='line_1_20' title="bbox 177 2262 1227 2354; baseline 0.002 -24"><span class='ocrx_word' id='word_1_133' title='bbox 177 2263 267 2330; x_wconf 84' lang='lat' dir='ltr'>vitiis</span> <span class='ocrx_word' id='word_1_134' title='bbox 282 2262 469 2354; x_wconf 76' lang='lat' dir='ltr'>sagacitate</span> <span class='ocrx_word' id='word_1_135' title='bbox 489 2262 687 2354; x_wconf 84' lang='lat' dir='ltr'>instructus,</span> <span class='ocrx_word' id='word_1_136' title='bbox 719 2265 929 2335; x_wconf 88' lang='lat' dir='ltr'>Liberalium</span> <span class='ocrx_word' id='word_1_137' title='bbox 943 2265 1077 2335; x_wconf 84' lang='lat' dir='ltr'>Artium</span> <span class='ocrx_word' id='word_1_138' title='bbox 1094 2264 1227 2332; x_wconf 78' lang='lat' dir='ltr'>Doctor</span> 
     </span>
     <span class='ocr_line' id='line_1_21' title="bbox 178 2361 1226 2456; baseline 0.002 -24"><span class='ocrx_word' id='word_1_139' title='bbox 178 2362 382 2434; x_wconf 81' lang='lat' dir='ltr'>Auousuus</span> <span class='ocrx_word' id='word_1_140' title='bbox 404 2361 695 2455; x_wconf 52' lang='lat' dir='ltr'>&amp;Musonium</span> <span class='ocrx_word' id='word_1_141' title='bbox 731 2389 833 2456; x_wconf 90' lang='lat' dir='ltr'>quem</span> <span class='ocrx_word' id='word_1_142' title='bbox 863 2376 1066 2437; x_wconf 86' lang='lat' dir='ltr'>venerantur</span> <span class='ocrx_word' id='word_1_143' title='bbox 1095 2386 1226 2455; x_wconf 89' lang='lat' dir='ltr'>omues,</span> 
     </span>
     <span class='ocr_line' id='line_1_22' title="bbox 178 2466 1077 2561; baseline 0.002 -27"><span class='ocrx_word' id='word_1_144' title='bbox 178 2466 239 2555; x_wconf 91' lang='lat' dir='ltr'>qui</span> <span class='ocrx_word' id='word_1_145' title='bbox 262 2466 451 2558; x_wconf 78' lang='lat' dir='ltr'>singulares</span> <span class='ocrx_word' id='word_1_146' title='bbox 474 2467 545 2537; x_wconf 88' lang='lat' dir='ltr'>eius</span> <span class='ocrx_word' id='word_1_147' title='bbox 561 2468 700 2539; x_wconf 85' lang='lat' dir='ltr'>virtutes</span> <span class='ocrx_word' id='word_1_148' title='bbox 716 2476 915 2561; x_wconf 82' lang='lat' dir='ltr'>perspectas</span> <span class='ocrx_word' id='word_1_149' title='bbox 936 2468 1077 2538; x_wconf 88' lang='lat' dir='ltr'>habent.</span> 
     </span>
    </p>

    <p class='ocr_par' dir='ltr' id='par_1_7' title="bbox 281 2567 1227 2662">
     <span class='ocr_line' id='line_1_23' title="bbox 281 2567 1227 2662; baseline 0.001 -26"><span class='ocrx_word' id='word_1_150' title='bbox 281 2567 439 2659; x_wconf 86' lang='lat' dir='ltr'>Denique</span> <span class='ocrx_word' id='word_1_151' title='bbox 457 2568 679 2642; x_wconf 76' lang='lat' dir='ltr'>vehementer</span> <span class='ocrx_word' id='word_1_152' title='bbox 700 2579 805 2662; x_wconf 88' lang='lat' dir='ltr'>opto,</span> <span class='ocrx_word' id='word_1_153' title='bbox 830 2579 869 2639; x_wconf 84' lang='lat' dir='ltr'>ut</span> <span class='ocrx_word' id='word_1_154' title='bbox 891 2569 1155 2660; x_wconf 84' lang='lat' dir='ltr'>aequibonique</span> <span class='ocrx_word' id='word_1_155' title='bbox 1169 2568 1227 2637; x_wconf 84' lang='lat' dir='ltr'>iu-</span> 
     </span>
    </p>

    <p class='ocr_par' dir='ltr' id='par_1_8' title="bbox 127 2667 1229 2967">
     <span class='ocr_line' id='line_1_24' title="bbox 127 2667 1227 2764; baseline 0.001 -28"><span class='ocrx_word' id='word_1_156' title='bbox 127 2747 132 2756; x_wconf 77' lang='lat'><em>.</em></span> <span class='ocrx_word' id='word_1_157' title='bbox 182 2667 276 2738; x_wconf 82' lang='lat' dir='ltr'>dices</span> <span class='ocrx_word' id='word_1_158' title='bbox 298 2669 357 2756; x_wconf 89' lang='lat' dir='ltr'>iis,</span> <span class='ocrx_word' id='word_1_159' title='bbox 397 2692 485 2760; x_wconf 90' lang='lat' dir='ltr'>quae</span> <span class='ocrx_word' id='word_1_160' title='bbox 508 2671 554 2739; x_wconf 87' lang='lat' dir='ltr'>ad</span> <span class='ocrx_word' id='word_1_161' title='bbox 577 2669 753 2742; x_wconf 88' lang='lat' dir='ltr'>Catullum</span> <span class='ocrx_word' id='word_1_162' title='bbox 776 2673 1017 2764; x_wconf 81' lang='lat' dir='ltr'>explicandum</span> <span class='ocrx_word' id='word_1_163' title='bbox 1039 2671 1227 2756; x_wconf 87' lang='lat' dir='ltr'>attulimus,</span> 
     </span>
     <span class='ocr_line' id='line_1_25' title="bbox 180 2771 1229 2863; baseline 0.003 -24"><span class='ocrx_word' id='word_1_164' title='bbox 180 2771 412 2863; x_wconf 86' lang='lat' dir='ltr'>ponderandis</span> <span class='ocrx_word' id='word_1_165' title='bbox 427 2780 462 2840; x_wconf 90' lang='lat' dir='ltr'>et</span> <span class='ocrx_word' id='word_1_166' title='bbox 476 2774 706 2842; x_wconf 85' lang='lat' dir='ltr'>examinandis</span> <span class='ocrx_word' id='word_1_167' title='bbox 720 2789 790 2842; x_wconf 89' lang='lat' dir='ltr'>uon</span> <span class='ocrx_word' id='word_1_168' title='bbox 801 2775 947 2845; x_wconf 85' lang='lat' dir='ltr'>aurificis</span> <span class='ocrx_word' id='word_1_169' title='bbox 968 2781 1139 2861; x_wconf 84' lang='lat' dir='ltr'>stateram,</span> <span class='ocrx_word' id='word_1_170' title='bbox 1164 2771 1229 2842; x_wconf 89' lang='lat' dir='ltr'>sed</span> 
     </span>
     <span class='ocr_line' id='line_1_26' title="bbox 180 2873 788 2967; baseline 0.003 -26"><span class='ocrx_word' id='word_1_171' title='bbox 180 2873 386 2967; x_wconf 86' lang='lat' dir='ltr'>popularem</span> <span class='ocrx_word' id='word_1_172' title='bbox 405 2875 567 2944; x_wconf 83' lang='lat' dir='ltr'>trutinam</span> <span class='ocrx_word' id='word_1_173' title='bbox 592 2875 788 2944; x_wconf 87' lang='lat' dir='ltr'>adhibeant.</span> 
     </span>
    </p>

    <p class='ocr_par' dir='ltr' id='par_1_9' title="bbox 180 2973 1287 3477">
     <span class='ocr_line' id='line_1_27' title="bbox 281 2973 1229 3067; baseline -0.004 -21"><span class='ocrx_word' id='word_1_174' title='bbox 281 2975 435 3046; x_wconf 87' lang='lat' dir='ltr'>Iudicem</span> <span class='ocrx_word' id='word_1_175' title='bbox 456 2976 646 3045; x_wconf 87' lang='lat' dir='ltr'>Verborum</span> <span class='ocrx_word' id='word_1_176' title='bbox 674 2978 720 3047; x_wconf 91' lang='lat' dir='ltr'>ad</span> <span class='ocrx_word' id='word_1_177' title='bbox 742 2975 939 3067; x_wconf 84' lang='lat' dir='ltr'>exemplum</span> <span class='ocrx_word' id='word_1_178' title='bbox 958 2973 1087 3044; x_wconf 89' lang='lat' dir='ltr'>Indicis</span> <span class='ocrx_word' id='word_1_179' title='bbox 1108 2975 1229 3043; x_wconf 84' lang='lat' dir='ltr'>Hora·</span> 
     </span>
     <span class='ocr_line' id='line_1_28' title="bbox 181 3075 1229 3164; baseline -0.002 -20"><span class='ocrx_word' id='word_1_180' title='bbox 181 3075 283 3164; x_wconf 79' lang='lat' dir='ltr'>aiant,</span> <span class='ocrx_word' id='word_1_181' title='bbox 317 3101 338 3146; x_wconf 92' lang='lat' dir='ltr'>a</span> <span class='ocrx_word' id='word_1_182' title='bbox 370 3077 456 3146; x_wconf 82' lang='lat' dir='ltr'>Viro</span> <span class='ocrx_word' id='word_1_183' title='bbox 492 3076 777 3146; x_wconf 85' lang='lat' dir='ltr'>Litteratissimo</span> <span class='ocrx_word' id='word_1_184' title='bbox 811 3077 994 3145; x_wconf 82' lang='lat' dir='ltr'>Anururo</span> <span class='ocrx_word' id='word_1_185' title='bbox 1028 3075 1229 3164; x_wconf 69' lang='lat' dir='ltr'>Burnum,</span> 
     </span>
     <span class='ocr_line' id='line_1_29' title="bbox 180 3177 1287 3270; baseline -0.002 -24"><span class='ocrx_word' id='word_1_186' title='bbox 180 3185 271 3246; x_wconf 86' lang='lat' dir='ltr'>nuno</span> <span class='ocrx_word' id='word_1_187' title='bbox 285 3179 419 3249; x_wconf 85' lang='lat' dir='ltr'>Romae</span> <span class='ocrx_word' id='word_1_188' title='bbox 431 3179 584 3265; x_wconf 83' lang='lat' dir='ltr'>virente,</span> <span class='ocrx_word' id='word_1_189' title='bbox 609 3177 811 3264; x_wconf 82' lang='lat' dir='ltr'>concinnati,</span> <span class='ocrx_word' id='word_1_190' title='bbox 838 3177 987 3246; x_wconf 86' lang='lat' dir='ltr'>confecit</span> <span class='ocrx_word' id='word_1_191' title='bbox 998 3199 1107 3270; x_wconf 89' lang='lat' dir='ltr'>nepos</span> <span class='ocrx_word' id='word_1_192' title='bbox 1121 3200 1287 3265; x_wconf 86' lang='lat' dir='ltr'>meus,</span> 
     </span>
     <span class='ocr_line' id='line_1_30' title="bbox 183 3276 1287 3384; baseline 0.005 -35"><span class='ocrx_word' id='word_1_193' title='bbox 183 3276 524 3370; x_wconf 73' lang='lat' dir='ltr'>CrnounsRnonu,</span> <span class='ocrx_word' id='word_1_194' title='bbox 550 3280 730 3374; x_wconf 76' lang='lat' dir='ltr'>Gymnasii</span> <span class='ocrx_word' id='word_1_195' title='bbox 753 3280 872 3374; x_wconf 87' lang='lat' dir='ltr'>nostri</span> <span class='ocrx_word' id='word_1_196' title='bbox 880 3279 1007 3384; x_wconf 80' lang='lat' dir='ltr'>multae</span> <span class='ocrx_word' id='word_1_197' title='bbox 1025 3279 1101 3374; x_wconf 88' lang='lat' dir='ltr'>spei</span> <span class='ocrx_word' id='word_1_198' title='bbox 1124 3277 1232 3352; x_wconf 89' lang='lat' dir='ltr'>disoi</span> <span class='ocrx_word' id='word_1_199' title='bbox 1286 3305 1287 3354; x_wconf 79' lang='grc' dir='ltr'>ι</span> 
     </span>
     <span class='ocr_line' id='line_1_31' title="bbox 180 3385 294 3477; baseline 0.019 -25"><span class='ocrx_word' id='word_1_200' title='bbox 180 3385 294 3477; x_wconf 87' lang='lat' dir='ltr'>pulus.</span> 
     </span>
    </p>

    <p class='ocr_par' dir='ltr' id='par_1_10' title="bbox 183 3481 731 3680">
     <span class='ocr_line' id='line_1_32' title="bbox 360 3481 632 3572; baseline 0.011 -18"><span class='ocrx_word' id='word_1_201' title='bbox 360 3481 528 3572; x_wconf 77' lang='lat' dir='ltr'>Gonnus,</span> <span class='ocrx_word' id='word_1_202' title='bbox 630 3499 632 3503; x_wconf 82' lang='grc'>’</span> 
     </span>
     <span class='ocr_line' id='line_1_33' title="bbox 183 3583 731 3680; baseline 0.002 -25"><span class='ocrx_word' id='word_1_203' title='bbox 183 3607 215 3654; x_wconf 80' lang='lat' dir='ltr'>a</span> <span class='ocrx_word' id='word_1_204' title='bbox 230 3584 265 3656; x_wconf 81' lang='lat' dir='ltr'>d,</span> <span class='ocrx_word' id='word_1_205' title='bbox 283 3607 346 3678; x_wconf 76' lang='lat' dir='ltr'>aar.</span> <span class='ocrx_word' id='word_1_206' title='bbox 360 3583 471 3680; x_wconf 87' lang='lat' dir='ltr'>April.</span> <span class='ocrx_word' id='word_1_207' title='bbox 494 3587 731 3659; x_wconf 73' lang='lat' dir='ltr'>&#39;uoooomnnu</span> 
     </span>
    </p>
   </div>
   <div class='ocr_carea' id='block_1_3' title="bbox 0 0 1323 4720">
    <p class='ocr_par' dir='ltr' id='par_1_11' title="bbox 0 0 1323 4720">
     <span class='ocr_line' id='line_1_34' title="bbox 0 0 1323 4720; baseline 0 0"><span class='ocrx_word' id='word_1_208' title='bbox 0 0 1323 4720; x_wconf 95' lang='lat' dir='ltr'> </span> 
     </span>
    </p>
   </div>
  </div>
 </body>
</html>
