2624 4722
185 231 262 316 100
454 268 488 317 ο.
519 267 711 318 venenu
743 267 946 317 cunnum

472 419 748 498 G'ARMEN
797 424 944 496 XCVI.

394 570 450 625 su
473 570 649 626 csuvum
679 573 732 624 uu
762 569 1008 643 omninum.

187 685 222 750 Si
241 686 402 769 quidquam
420 691 512 753 mutis
530 695 646 771 gramm
667 689 1050 772 acceptumquoussqulcria

265 785 413 848 Accidere
432 805 450 846 a
469 795 582 864 nostro,
603 787 704 863 calve,
724 788 830 851 dolore
854 791 965 866 potest,

187 879 256 958 Quo
275 880 427 963 desiderio
446 889 565 944 veteres
583 902 760 944 renovamus
781 901 911 958 amores,

265 975 365 1057 Atque
385 979 458 1040 olim
477 979 602 1040 amissas
622 980 729 1040 tlemus
749 980 914 1042 amicitiesa

189 1071 280 1135 (laste
298 1093 359 1135 non
376 1080 458 1136 teuto
477 1095 559 1136 mors
578 1077 734 1138 munsture
761 1075 862 1137 dolori
881 1080 931 1136 eat

273 1170 445 1248 Quintiliae,
466 1178 607 1251 quantum
627 1173 737 1252 mundet
754 1190 856 1232 amore
874 1175 936 1232 tun.

437 1353 763 1426 GARMEN
813 1352 984 1423 xcvil.

552 1490 597 1546 IN
624 1489 864 1544 nemmem.

189 1589 267 1668 Non,
286 1593 328 1654 ita
348 1611 397 1657 me
415 1591 466 1656 Dii
484 1599 592 1670 ament,
614 1593 774 1675 quidquam
793 1591 910 1654 referre
930 1593 1041 1673 putavi,

197 1729 201 1735 ·
269 1691 417 1752 Utrumne
436 1711 471 1752 os
491 1710 529 1752 an
549 1691 649 1752 culum
669 1691 833 1752 olfacerem
852 1689 990 1750 Aemilio.

189 1785 242 1846 Nll
260 1787 441 1848 immundius
460 1786 530 1861 hoc,
550 1786 705 1866 nihiloque
723 1785 904 1846 immundius
923 1783 1010 1861 illud,

200 1917 203 1922 ·
269 1881 384 1946 Verum
404 1883 494 1946 etiam
514 1881 598 1948 culus
617 1883 756 1946 mundior
776 1888 807 1944 et
826 1880 949 1942 melior:

191 2079 280 2126 tomen
290 2091 342 2126 non
351 2073 516 2142 displicuisse
526 2071 630 2126 videtur
640 2089 690 2142 qo-
760 2067 786 2123 2.
805 2087 823 2122 o
832 2077 920 2122 nostro
931 2069 1028 2137 dolore
1038 2071 1073 2124 eb
1085 2089 1117 2124 eo
1127 2073 1232 2140 dolore,

189 2143 266 2211 pul03
286 2159 348 2195 nem
362 2144 481 2196 additur:
497 2144 609 2212 popolus
619 2159 690 2210 goo-
727 2156 807 2207 quem
821 2154 869 2189 uos
879 2138 1037 2206 suscipimus
1049 2141 1181 2194 viventes.

190 2209 253 2264 deut
272 2213 428 2263 Antimacho.
441 2211 501 2263 vide
512 2212 545 2262 de
559 2227 591 2263 eo
602 2211 690 2262 Soltel
761 2207 787 2260 3,
809 2209 873 2273 Quo,
885 2223 922 2257 sc.
936 2207 1077 2262 dolore-
1091 2209 1234 2276 decides-io,

192 2277 303 2347 lenicrg.
325 2279 385 2330 edit.
407 2279 557 2331 Antimachi
577 2277 689 2344 Coloph.
727 2283 834 2345 propter
846 2273 1005 2328 desiderium
1022 2283 1143 2330 velerum
1155 2291 1234 2330 emo-

191 2346 286 2412 reliqu.
303 2354 330 2396 et
345 2347 470 2398 Bocilom
480 2347 508 2396 in
521 2346 579 2398 rell.
590 2346 689 2398 Philet.
729 2361 799 2408 rum,
820 2342 864 2394 vel
882 2359 992 2409 conum,¹
1007 2359 1073 2410 quos
1099 2360 1232 2401 emamus.

190 2413 534 2481 Hermes.-etl'heu.p.2÷lll.
548 2429 604 2482 sqq.
616 2411 691 2465 Scri·
728 2413 823 2464 Horat.
840 2410 891 2462 Od.
912 2412 934 2476 l,
954 2411 996 2474 24,
1013 2412 1038 2462 l.
1054 2414 1118 2478 Quia
1137 2415 1231 2465 deai-

210 2481 244 2532 sit
263 2481 427 2534 Antimachus
445 2497 545 2551 magno
556 2481 692 2535 volumine
731 2480 826 2533 derio
842 2479 877 2531 ait
887 2479 974 2548 pudor
992 2487 1039 2532 nui
1055 2481 1149 2533 modes
1167 2483 1232 2536 {llam

191 2499 341 2604 *hebeide
729 2551 787 2602 curi
800 2548 902 2629 canitia.
1010 2615 1018 2630 ι
1171 2623 1174 2632 .

321 2665 448 2718 onan.
471 2663 564 2719 scu.
730 2615 791 2736 nli
807 2616 1232 2752 illnlllt'lliliilil

224 2750 300 2805 calvi
312 2753 484 2805 mollissimos
498 2768 602 2804 mores
614 2756 693 2821 poete
730 2752 786 2815 diu,
804 2752 849 2803 sod
865 2751 946 2802 etlam
959 2752 992 2802 dc
1006 2760 1127 2820 tempora
1143 2755 1232 2821 proxi-

191 2822 316 2874 celebrat
358 2822 470 2873 Calvum
496 2821 609 2884 scillcet,
645 2821 692 2888 qui
730 2821 972 2886 mcpraeteslapso.
990 2847 1024 2858 —-
1040 2821 1232 2890 mniaaaqpcr-

191 2889 360 3008 ffuiutilimn,
376 2891 439 2942 dum
454 2887 624 2953 diuvivebat,
633 2905 694 2956 per·
729 2886 806 2940 ditas.
825 2889 896 2938 aulus
910 2889 1016 2954 ondeta,
1029 2888 1086 2942 cic.
1101 2890 1186 2959 Epist.
1198 2890 1231 2945 ud

213 2958 249 3009 ite
259 2965 402 3022 amaverat,
412 2971 482 3010 nunc
495 2965 693 3009 commortuum
729 2955 809 3009 Attio.
825 2956 872 3020 IX,
888 2953 914 3008 5.

193 3028 266 3078 lento
284 3028 376 3079 dolore
390 3026 484 3094 lugere
502 3026 624 3078 Catullus
644 3024 691 3088 eit,

191 3100 230 3156 ut,
250 3093 272 3145 ai
289 3095 370 3146 huius
386 3093 486 3147 doloris
504 3109 595 3144 sensus
613 3109 692 3159 poue-
856 3073 979 3126 GARM·
997 3073 1103 3126 XCVII·

191 3166 263 3212 trare
283 3163 365 3230 possit
385 3162 417 3215 ad
439 3167 567 3224 mortuos,
592 3161 641 3213 illa
658 3162 692 3212 de
764 3158 922 3278 Quicunque
935 3161 1062 3225 tabulam,
1075 3161 1102 3212 in
1115 3163 1231 3230 quelle-

191 3228 334 3282 immutura
353 3248 400 3283 sua
425 3238 510 3281 morte
536 3229 625 3298 magis
643 3245 692 3296 ga-
729 3226 868 3290 miliaque
896 3245 957 3280 nmo
971 3236 1230 3298 lumcorporequum

188 3295 280 3348 visum
293 3314 373 3363 quem
385 3298 502 3350 doliture
517 3298 560 3351 sit.
576 3325 610 3337 —
631 3298 692 3348 Cal-
729 3296 850 3346 mosibus
860 3296 1057 3361 abominabilis,
1072 3299 1227 3352 foedissimis

191 3379 238 3415 ona
252 3363 321 3416 idem
344 3382 401 3417 ossa
422 3366 537 3426 videtur,
556 3365 589 3418 ad
612 3381 691 3432 quem
730 3363 864 3414 coloribus
881 3365 1053 3418 adumbratus
1077 3373 1127 3430 cot,
1154 3383 1229 3418 usur-

191 3430 320 3499 scriptum
341 3440 381 3485 est
398 3431 486 3484 Carnu.
504 3433 582 3497 xw,
597 3433 691 3485 ubido
729 3431 879 3499 patenulis,
893 3431 916 3483 is
933 3435 1088 3486 nouaclum
1102 3437 1137 3487 ab
1151 3435 1228 3488 huius

192 3515 225 3551 oo
237 3497 345 3551 vide-
358 3501 597 3554 CeterumColvum
606 3501 692 3568 Quin·
729 3499 837 3552 tabulae
858 3501 1080 3567 contemplatione
1104 3508 1228 3570 tanquan

191 3564 266 3620 tiliae
287 3583 352 3621 suae
370 3575 482 3619 mortem
496 3569 622 3637 peculiari
636 3570 691 3620 cle·
729 3568 868 3620 anomale
882 3567 999 3620 ominata
1013 3577 1116 3622 avertet
1131 3573 1226 3638 oculos,

210 3635 237 3689 ia
248 3635 386 3689 deflevisse
398 3635 690 3704 dicimusexl’ropert.
729 3637 774 3688 sed
794 3633 876 3688 etium
892 3638 1037 3704 Catullum,
1063 3647 1168 3706 poetam
1184 3641 1227 3690 do-

189 3653 226 3770 di,
237 3703 280 3768 25,
294 3704 335 3756 89.
475 3760 479 3765 .
729 3703 876 3755 ctissimnm
895 3705 1172 3774 venustissimnmque,
1188 3723 1226 3760 or·

227 3774 251 3824 1.
271 3775 301 3824 Si
316 3773 452 3842 quidquem
468 3777 528 3824 cett.
550 3770 689 3834 dubitatio,
728 3771 826 3824 illicem
839 3769 919 3824 huius
935 3775 1042 3826 tabulae
1060 3792 1119 3828 essa
1127 3791 1227 3830 meeum

189 3845 280 3894 utrum
292 3841 405 3893 sentient
419 3839 526 3905 mortui,
544 3855 611 3907 quae
623 3840 692 3892 liunt
729 3838 837 3893 dolebit.

191 3909 397 3976 condonemus,
412 3924 503 3978 neena,
520 3908 618 3976 passim
633 3925 689 3960 mu·
762 3907 788 3960 2
813 3909 930 3975 Acutilio,
954 3909 1071 3975 Aemilii,
1098 3911 1141 3963 vel
1163 3912 1227 3980 aqud

191 3977 219 4028 ta
238 3984 277 4028 est
296 3979 364 4045 apud
378 3985 490 4031 veteres.
504 4005 535 4020 ·-
555 3978 633 4030 mutio
649 3993 690 4028 sc·
728 3975 881 4029 Aemilium.

187 4041 298 4112 pulcris,
317 4046 578 4110 centenorum,
593 4043 628 4116 4.,
641 4045 690 4098 ubi
762 4045 787 4096 3.
806 4047 863 4111 ltoc,
879 4064 915 4098 sc.
928 4045 1093 4114 culo-pro
1101 4047 1226 4116 nihiloque
1296 4079 1297 4084 =

191 4111 280 4165 omnia
292 4113 378 4166 sileni.
728 4113 880 4167 immundius
914 4115 983 4166 illud
1018 4131 1080 4167 cmn
1120 4117 1226 4182 diurno,
