2624 4722
361 271 365 280 ·
409 266 604 344 ‘onumen
637 267 792 318 arvus.

88 415 159 498 Qui,
179 435 247 478 enm
268 415 381 481 divitiis
401 419 452 480 vix
471 420 592 484 tandem
611 419 748 488 iuventus
768 420 854 486 uritis

100 512 104 518 '
168 513 286 574 Nomen
305 518 427 576 testatas
445 509 548 579 'umus
567 516 599 578 iu
618 515 743 591 tubulos,

88 607 184 690 impia
204 609 297 669 derisi
316 610 436 688 gentilis
456 611 564 692 media
586 611 705 684 tollens,

168 703 300 765 Suscitut
318 724 336 764 u
356 725 430 770 cano
449 707 611 772 vulturium
632 708 746 786 espite3

88 799 154 862 Nee
174 806 287 860 tentum
307 802 395 863 niveo
414 805 516 884 gavise
536 809 584 866 est
602 803 662 864 ullu
682 803 820 870 columbo

167 895 308 975 Compar,
330 916 405 976 quae
426 901 519 963 multo
538 899 650 960 dicitur
668 899 834 980 improbius

89 989 201 1050 Oscula
219 991 368 1054 mordenti
388 1013 509 1074 semper
530 996 694 1075 decerpere
713 1000 823 1068 rostro,

169 1087 352 1165 Quamquam
372 1092 533 1170 praecipue
553 1091 707 1154 multivola
726 1095 775 1152 est
793 1089 911 1158 mulier.

88 1179 151 1242 Sed
171 1187 204 1241 lu
223 1182 332 1244 horum
351 1205 474 1266 magnos
493 1187 595 1248 vicisti
614 1187 678 1250 sola
697 1187 828 1262 furores,

169 1277 213 1338 Ut
232 1280 326 1339 semel
346 1301 380 1344 es
400 1283 478 1346 flavo
499 1283 658 1345 conciliata
676 1284 752 1352 viro,
1067 1287 1127 1345 130

87 1382 148 1444 Aut
166 1381 243 1440 nihil
263 1385 314 1440 eut
331 1379 421 1459 paulo
441 1381 512 1458 quoi
530 1385 594 1440 tum
614 1377 782 1440 concedere
802 1379 901 1458 digua,

167 1477 233 1538 Lux
252 1495 319 1537 mea
339 1493 373 1536 se
393 1480 527 1539 nostrum
548 1475 674 1536 contulit
693 1475 724 1536 iu
738 1474 895 1552 gremium,

85 1573 183 1652 Quam
205 1575 441 1644 circumcursans
462 1570 533 1634 hinc
553 1571 637 1632 illine
658 1589 749 1650 saepe
768 1569 885 1649 (lupide

167 1669 313 1748 unigenit
333 1667 452 1732 erooiua
472 1666 616 1728 candidus
635 1667 667 1727 iu
687 1666 796 1733 tunice

85 1796 155 1852 tullo
181 1801 317 1866 comparat
348 1795 455 1855 Pindus.
477 1795 585 1867 olymp.
624 1811 701 1862 quom
710 1793 1074 1862 mutnuptieecolumlurunu
1090 1799 1123 1853 ei.

84 1864 186 1929 &1⁰2
198 1883 268 1934 seqq.
287 1894 320 1904 -
341 1873 420 1933 ceput
441 1864 492 1922 ueri
506 1881 586 1932 utpo-
623 1862 736 1924 cundem
749 1863 796 1926 111,
809 1861 869 1926 104,
881 1861 907 1924 u,

83 1935 130 1996 tte,
148 1949 245 1998 remur,
273 1929 423 2001 τηλύγετον
447 1938 584 2000 nepotem
658 1929 717 1982 129.
738 1931 797 1995 Sed,
809 1929 879 1992 lmo;
903 1938 934 1984 ut
952 1933 1021 1998 opud
1039 1933 1124 2002 Grae.-
1194 1967 1196 1978 ·

83 2002 513 2129 tttttittt‘tlttltt‘
526 2001 586 2066 “⁸²‘'
624 1995 1124 2136 tuttimtihttttttt

120 2135 178 2190 122.
193 2137 252 2190 123.
273 2137 347 2190 Norn.
365 2144 425 2190 teat.
436 2137 483 2188 iot.
504 2135 531 2186 in
542 2143 585 2187 to·
622 2151 689 2186 mer.
696 2133 773 2186 iliud.
786 2134 831 2198 11,
839 2134 950 2204 dliscq.
965 2165 999 2174 -
1013 2153 1124 2206 mugnus

84 2205 236 2258 lutuomcn
247 2207 288 2257 ecl
298 2207 403 2258 nomino
414 2203 533 2257 haeredis
543 2202 585 2254 cel
618 2206 734 2272 jurares,
766 2201 887 2270 intellige
917 2203 1122 2258 fervidissimum

83 2273 224 2326 haeredum
235 2274 334 2340 inferre
345 2275 373 2325 ἱιι
386 2280 496 2326 testatos
508 2272 586 2324 tuia—
623 2287 750 2335 umorem,
762 2287 814 2337 quo
824 2275 948 2340 tunquam
960 2271 1050 2326 lurore
1063 2273 1123 2347 ugi-

83 2341 126 2393 lcs
146 2349 203 2394 estc
231 2359 326 2394 nomen
343 2341 466 2395 haeredis
486 2341 586 2404 reterre
623 2339 951 2392 tunturmisereauranter.

83 2409 272 2462 intertrimenti
285 2409 430 2473 codicillos,
440 2409 586 2460 haeredem
656 2406 715 2459 130.
734 2409 818 2474 slavo,
840 2407 968 2478 pulchro3
992 2409 1027 2461 ei.
1048 2426 1121 2480 supr.

82 2478 129 2530 vel
139 2477 267 2530 haeredes
283 2476 586 2538 scrihereeteonstitue
623 2474 767 2539 uxlvme.

82 2562 114 2598 re
137 2544 165 2598 in
185 2552 348 2600 testamento.
367 2575 400 2586 -
427 2546 512 2614 impio
529 2545 585 2598 der.
656 2543 716 2598 131.
735 2545 788 2596 Aut
803 2543 871 2596 nihil
890 2549 951 2597 cett.
978 2542 1033 2597 iam
1052 2546 1123 2600 redit

82 2621 159 2684 gent.
173 2615 277 2696 gmtdtu
287 2616 389 2679 tollcuo,
409 2630 493 2684 spem,
504 2629 585 2680 quom
623 2618 728 2678 poetae
744 2611 866 2680 longiore
876 2611 1050 2680 digressione,
1065 2615 1122 2667 sivo

82 2681 195 2752 gentihs
212 2683 308 2750 aliquis
324 2684 356 2736 de
375 2685 507 2737 honorum
518 2682 585 2734 hue·
623 2681 657 2737 alr
669 2679 972 2748 inrdtutapuellaosuae
984 2697 1046 2734 eum
1053 2683 1123 2736 Lao-

82 2749 198 2804 reditute
209 2757 367 2820 susceperat,
388 2751 511 2817 (tollens),
523 2747 585 2801 irri·
623 2748 711 2801 damia
726 2748 929 2815 comparatione.
963 2747 1074 2802 Sensurc
1097 2751 1123 2805 A
1206 2771 1210 2786 ⁸

83 2823 140 2872 hm
157 2819 275 2872 reddens.
289 2847 324 2859 —
341 2818 488 2889 gentilico
506 2822 586 2886 gente
623 2815 791 2884 quaquidem
803 2816 1122 2873 Laodamialuxmeauut

82 2887 199 2946 alieuius
225 2892 302 2941 natus
335 2895 361 2940 et
390 2884 586 3005 propinpuitute
623 2884 842 2950 nihilautpaulo
856 2883 996 2952 discrepat,
1015 2902 1076 2937 eum
1087 2887 1123 2940 il-

83 2971 148 3008 eum
159 2972 191 3007 eo
203 2955 366 3008 coniunctus.
379 2983 412 2992 —
431 2971 487 3022 gau
506 2955 534 3005 ic
551 2953 584 3004 de
621 2953 650 3005 la
662 2951 734 3004 venit
750 2951 779 3004 iu
790 2957 907 3004 nostrum
920 2951 1061 3020 gremium,
1074 2971 1123 3021 pro

82 3029 190 3091 sperula
206 3022 373 3095 haereditate
395 3022 518 3074 dicuntur
535 3021 585 3074 im·
622 3020 741 3090 vulgari:
765 3021 809 3072 cui
822 3020 981 3072 Laodamiae
1000 3022 1046 3073 iux
1059 3039 1121 3082 mea

80 3093 140 3160 piu,
160 3088 341 3160 quingentilis
359 3090 438 3159 impio
458 3091 543 3142 auimo
556 3107 584 3143 o-
623 3095 663 3142 est
681 3089 828 3153 simillima,
850 3089 908 3139 vele
935 3088 996 3143 tulis
1009 3095 1049 3142 est
1060 3107 1122 3150 mea

82 3166 212 3228 pluvemt,
220 3162 389 3212 uthonorum
398 3157 585 3210 dominodees-
624 3158 678 3222 lux,
690 3173 750 3208 cum
761 3157 809 3210 illa
819 3155 892 3216 venit
907 3162 967 3209 cett.
992 3156 1044 3216 Sed
1062 3175 1121 3212 rer-

81 3233 125 3282 set
135 3227 229 3280 haeres
243 3229 387 3297 germanus
398 3233 425 3280 et
438 3227 583 3296 legitimus.
622 3224 717 3279 borum
729 3231 784 3278 tam
797 3223 964 3292 significatio,
976 3228 1121 3292 quamcoi·

117 3294 177 3348 124.
201 3297 316 3349 Suscitut
333 3296 474 3351 vulturium
492 3314 510 3348 c
527 3312 583 3347 ean.
622 3293 719 3346 locatio
731 3301 771 3345 est
787 3293 868 3360 paulo
882 3292 974 3345 durior
987 3301 1013 3346 et
1025 3299 1122 3356 obseu-

81 3380 140 3433 ecp.
154 3363 362 3431 haeredipetam,
385 3363 509 3416 inanibus
527 3369 586 3419 tun·
622 3361 685 3414 rior.
699 3393 731 3402 -
743 3361 794 3414 Aut
804 3361 871 3412 citit
884 3368 931 3412 aut
938 3363 1019 3430 poulo
1033 3381 1121 3418 rocce-

81 3449 164 3500 quum
182 3432 295 3484 vulturis
320 3433 455 3500 unguibus
469 3431 497 3484 iu
513 3431 584 3484 bona
622 3429 786 3498 deredignu,
807 3429 836 3480 h.
850 3445 872 3480 e.
893 3428 1062 3499 dignmqnae
1075 3439 1122 3487 aut
1155 3471 1159 3478 .

79 3499 246 3554 haereditate
253 3499 310 3553 acci
328 3500 582 3563 leuduinvolantem,
621 3497 692 3550 nihil
710 3504 760 3550 aut
774 3499 855 3565 paulo
874 3499 1000 3554 concedat
1022 3501 1120 3568 (cedet,

81 3568 217 3637 (suscitet)
243 3569 330 3638 abigit
350 3569 381 3638 (a
399 3586 462 3622 ecco
484 3567 583 3636 cupite)
621 3566 982 3688 postppuatur)huodamiae.

80 3651 100 3692 α
113 3651 177 3758 ᾳ2111θ
190 3638 415 3774 ῧῗιῖῗιιῗῖἆὸίιιι,
429 3700 584 3773 impensius,
621 3719 638 3756 u
656 3634 690 3754 dd
708 3635 1120 3772 ‘ilerhdmOdmlffwddmdhpcddh

81 3772 169 3825 multo
181 3774 310 3826 maiorem
324 3772 353 3826 in
367 3773 483 3830 modum.
500 3801 532 3811 -
549 3773 583 3832 0-
643 3787 749 3832 errorem
756 3772 939 3824 circumvolare
945 3769 1053 3833 dicitur;
1068 3770 1120 3826 sci-

81 3841 156 3894 rculu
173 3840 314 3924 decerpere.
332 3842 474 3894 columbae
484 3855 583 3910 semper
620 3837 685 3892 licet
696 3839 742 3892 uti
754 3841 882 3907 Deaeque
899 3841 951 3900 eos,
966 3837 1064 3904 quihus
1080 3839 1119 3890 iu-

82 3908 116 3962 de
138 3907 257 3961 columbr
276 3916 363 3962 rostro
382 3909 475 3961 osenla
492 3908 584 3961 decer·
620 3911 691 3972 veut,
711 3907 755 3960 rel
781 3908 878 3974 quihus
898 3911 1001 3971 praesto
1024 3905 1119 3959 adsunt

116 3976 156 4028 nti
178 3991 254 4030 amor
275 3977 402 4031 tribuitur
427 3975 583 4039 ferventium
620 3993 669 4032 suo
687 3975 828 4044 pracsidio,
857 3974 1054 4029 circumcaesura
1076 3975 1119 4037 rel

151 4060 167 4096 e
185 4044 320 4098 Martialis
338 4047 370 4098 de
386 4044 509 4114 Phyllide
520 4045 581 4101 llll.
620 4044 803 4107 circumvolare
815 4041 944 4094 dicuntur.

80 4111 176 4196 Epigr.
198 4109 241 4165 65.
258 4131 285 4170 v.
301 4115 328 4169 ’1.
352 4111 582 4184 Amplceccollunr
653 4109 714 4169 let.
739 4111 849 4164 morino.
875 4109 992 4162 crocirmo
1014 4112 1042 4162 et
1061 4122 1119 4162 cro*

82 4179 204 4250 humoque
226 4187 292 4236 tum
314 4183 415 4253 longo
445 4179 580 4245 Blandita,
620 4197 678 4233 ecus
695 4178 729 4231 ds
745 4179 843 4247 colore,
861 4177 907 4248 qui
925 4177 1119 4245 quodammodo

771 4261 842 4327 10*

1229 3333 1238 3372 ,
1305 3341 1306 3346 ,
